"Date", "Timestamp", "Id", "Instrument", "Exchange", "Price", "Size"
"2021-09-22","1632326411780000000","609511672","ETH/USD","binance","3009.420000",".006300"
"2021-09-22","1632326411783000000","1064350098","BTC/USD","binance","43229.460000",".000430"
"2021-09-22","1632326411858000000","158876549","ETH/USD","coinbase-pro","3011.110000",".003305"
"2021-09-22","1632326411918000000","1064350099","BTC/USD","binance","43229.450000",".001290"
"2021-09-22","1632326411933000000","199242450","BTC/USD","bitstamp","43259.000000",".020000"
"2021-09-22","1632326411949000000","1064350100","BTC/USD","binance","43229.460000",".000010"
"2021-09-22","1632326411949000000","1064350101","BTC/USD","binance","43234.000000",".005220"
"2021-09-22","1632326411963000000","1064350102","BTC/USD","binance","43229.460000",".016680"
"2021-09-22","1632326411977000000","1064350103","BTC/USD","binance","43234.160000",".000580"
"2021-09-22","1632326412030000000","214133126","BTC/USD","coinbase-pro","43249.320000",".018136"
"2021-09-22","1632326412023000000","297608806","ETH/BTC","binance",".069603",".097100"
"2021-09-22","1632326412037000000","1064350104","BTC/USD","binance","43234.160000",".004260"
"2021-09-22","1632326412066000000","1064350105","BTC/USD","binance","43234.160000",".000010"
"2021-09-22","1632326412066000000","1064350106","BTC/USD","binance","43234.430000",".002160"
"2021-09-22","1632326412066000000","1064350107","BTC/USD","binance","43236.720000",".001040"
"2021-09-22","1632326412085000000","1064350108","BTC/USD","binance","43234.160000",".005770"
"2021-09-22","1632326412099000000","1064350109","BTC/USD","binance","43234.150000",".016680"
"2021-09-22","1632326412142000000","214133127","BTC/USD","coinbase-pro","43249.320000",".002232"
"2021-09-22","1632326412205000000","214133128","BTC/USD","coinbase-pro","43249.320000",".095200"
"2021-09-22","1632326412174000000","1064350110","BTC/USD","binance","43234.160000",".000230"
"2021-09-22","1632326412174000000","1064350111","BTC/USD","binance","43234.160000",".042950"
"2021-09-22","1632326412221000000","1064350112","BTC/USD","binance","43234.160000",".002310"
"2021-09-22","1632326412228000000","1064350113","BTC/USD","binance","43234.160000",".002340"
"2021-09-22","1632326412289000000","1064350114","BTC/USD","binance","43230.780000",".003900"
"2021-09-22","1632326412296000000","1064350115","BTC/USD","binance","43230.770000",".016680"
"2021-09-22","1632326412349000000","297608807","ETH/BTC","binance",".069600",".801800"
"2021-09-22","1632326412404000000","214133129","BTC/USD","coinbase-pro","43249.320000",".000050"
"2021-09-22","1632326412404000000","214133130","BTC/USD","coinbase-pro","43249.320000",".003759"
"2021-09-22","1632326412404000000","214133131","BTC/USD","coinbase-pro","43249.320000",".115619"
"2021-09-22","1632326412404000000","214133132","BTC/USD","coinbase-pro","43249.330000",".003759"
"2021-09-22","1632326412404000000","214133133","BTC/USD","coinbase-pro","43250.750000",".304303"
"2021-09-22","1632326412359000000","1064350116","BTC/USD","binance","43229.450000",".016680"
"2021-09-22","1632326412404000000","214133134","BTC/USD","coinbase-pro","43251.690000",".105009"
"2021-09-22","1632326412360000000","609511673","ETH/USD","binance","3009.420000",".796500"
"2021-09-22","1632326412360000000","609511674","ETH/USD","binance","3009.420000",".005300"
"2021-09-22","1632326412360000000","1064350117","BTC/USD","binance","43233.170000",".055800"
"2021-09-22","1632326412414000000","1064350118","BTC/USD","binance","43229.460000",".001170"
"2021-09-22","1632326412000000000","59114904516","ETH/USD","gemini","3011.550000",".204000"
"2021-09-22","1632326412000000000","59114904518","ETH/USD","gemini","3011.830000",".060712"
"2021-09-22","1632326412479000000","609511675","ETH/USD","binance","3009.430000",".006600"
"2021-09-22","1632326412480000000","609511676","ETH/USD","binance","3009.430000","1.477100"
"2021-09-22","1632326412480000000","609511677","ETH/USD","binance","3009.430000",".344500"
"2021-09-22","1632326412488000000","1064350119","BTC/USD","binance","43230.000000",".000450"
"2021-09-22","1632326412498000000","1064350120","BTC/USD","binance","43229.990000",".000600"
"2021-09-22","1632326412499000000","609511678","ETH/USD","binance","3009.600000",".259000"
"2021-09-22","1632326412554000000","158876550","ETH/USD","coinbase-pro","3011.240000","1.574570"
"2021-09-22","1632326412559000000","158876551","ETH/USD","coinbase-pro","3011.310000",".157507"
"2021-09-22","1632326412559000000","158876552","ETH/USD","coinbase-pro","3011.320000",".005362"
"2021-09-22","1632326412574000000","158876553","ETH/USD","coinbase-pro","3011.320000",".152145"
"2021-09-22","1632326412542000000","297608808","ETH/BTC","binance",".069610",".338300"
"2021-09-22","1632326412544000000","609511679","ETH/USD","binance","3009.600000","1.341000"
"2021-09-22","1632326412594000000","214133135","BTC/USD","coinbase-pro","43251.690000",".000207"
"2021-09-22","1632326412552000000","609511680","ETH/USD","binance","3009.590000",".338300"
"2021-09-22","1632326412552000000","1064350121","BTC/USD","binance","43230.000000",".023540"
"2021-09-22","1632326412588000000","1064350122","BTC/USD","binance","43230.000000",".000010"
"2021-09-22","1632326412618000000","609511681","ETH/USD","binance","3009.600000",".108800"
"2021-09-22","1632326412619000000","609511682","ETH/USD","binance","3009.870000",".332400"
"2021-09-22","1632326412717000000","214133136","BTC/USD","coinbase-pro","43251.690000",".002213"
"2021-09-22","1632326412728000000","1064350123","BTC/USD","binance","43234.160000",".004910"
"2021-09-22","1632326412749000000","1064350124","BTC/USD","binance","43234.160000",".001150"
"2021-09-22","1632326412000000000","837177433","BTC/USD","bitfinex","43236.000000",".000628"
"2021-09-22","1632326412000000000","837177434","BTC/USD","bitfinex","43236.000000",".199372"
"2021-09-22","1632326412763000000","1064350125","BTC/USD","binance","43234.160000",".000700"
"2021-09-22","1632326412763000000","1064350126","BTC/USD","binance","43237.240000",".005320"
"2021-09-22","1632326412811000000","609511683","ETH/USD","binance","3009.630000","2.400000"
"2021-09-22","1632326412811000000","609511684","ETH/USD","binance","3009.740000","4.000000"
"2021-09-22","1632326412811000000","609511685","ETH/USD","binance","3009.870000","1.267600"
"2021-09-22","1632326412918000000","214133137","BTC/USD","coinbase-pro","43251.690000",".050000"
"2021-09-22","1632326412985000000","158876554","ETH/USD","coinbase-pro","3011.770000",".006608"
"2021-09-22","1632326412932000000","1064350127","BTC/USD","binance","43236.810000",".005150"
"2021-09-22","1632326412955000000","1064350128","BTC/USD","binance","43236.810000",".014800"
"2021-09-22","1632326412960000000","1064350129","BTC/USD","binance","43236.810000",".006680"
"2021-09-22","1632326413023000000","609511686","ETH/USD","binance","3010.000000",".590600"
"2021-09-22","1632326413063000000","297608809","ETH/BTC","binance",".069610",".110700"
"2021-09-22","1632326413000000000","837177435","BTC/USD","bitfinex","43236.000000",".004790"
"2021-09-22","1632326413141000000","609511687","ETH/USD","binance","3010.000000",".044900"
"2021-09-22","1632326413213000000","214133138","BTC/USD","coinbase-pro","43251.690000",".000269"
"2021-09-22","1632326413163000000","609511688","ETH/USD","binance","3010.010000",".131200"
"2021-09-22","1632326413251000000","1064350130","BTC/USD","binance","43236.810000",".000510"
"2021-09-22","1632326413264000000","609511689","ETH/USD","binance","3010.000000",".005000"
"2021-09-22","1632326413288000000","609511690","ETH/USD","binance","3010.000000",".022600"
"2021-09-22","1632326413317000000","297608810","ETH/BTC","binance",".069611",".096100"
"2021-09-22","1632326413384000000","13128764","DOGE/USD","coinbase-pro",".215400","62.400000"
"2021-09-22","1632326413424000000","214133139","BTC/USD","coinbase-pro","43251.690000",".062487"
"2021-09-22","1632326413424000000","214133140","BTC/USD","coinbase-pro","43251.690000",".001730"
"2021-09-22","1632326413424000000","214133141","BTC/USD","coinbase-pro","43251.690000",".003759"
"2021-09-22","1632326413424000000","214133142","BTC/USD","coinbase-pro","43251.690000",".115624"
"2021-09-22","1632326413382000000","297608811","ETH/BTC","binance",".069611",".116300"
"2021-09-22","1632326413389000000","609511691","ETH/USD","binance","3010.010000","1.600000"
"2021-09-22","1632326413389000000","609511692","ETH/USD","binance","3010.010000",".005300"
"2021-09-22","1632326413440000000","214133143","BTC/USD","coinbase-pro","43251.690000",".000006"
"2021-09-22","1632326413440000000","214133144","BTC/USD","coinbase-pro","43251.700000",".003694"
"2021-09-22","1632326413000000000","837177436","BTC/USD","bitfinex","43236.000000",".005000"
"2021-09-22","1632326413485000000","158876555","ETH/USD","coinbase-pro","3011.730000",".512000"
"2021-09-22","1632326413517000000","158876556","ETH/USD","coinbase-pro","3011.730000",".012887"
"2021-09-22","1632326413535000000","1064350131","BTC/USD","binance","43236.810000",".200190"
"2021-09-22","1632326413543000000","609511693","ETH/USD","binance","3010.000000",".014000"
"2021-09-22","1632326413688000000","609511694","ETH/USD","binance","3010.000000",".006200"
"2021-09-22","1632326413722000000","199242464","ETH/USD","bitstamp","3010.120000",".700000"
"2021-09-22","1632326413722000000","199242465","ETH/USD","bitstamp","3010.110000","2.500000"
"2021-09-22","1632326413722000000","199242466","ETH/USD","bitstamp","3010.100000","5.760000"
"2021-09-22","1632326413722000000","199242467","ETH/USD","bitstamp","3010.100000",".300000"
"2021-09-22","1632326413722000000","199242468","ETH/USD","bitstamp","3009.950000","2.500000"
"2021-09-22","1632326413722000000","199242469","ETH/USD","bitstamp","3009.810000","9.090217"
"2021-09-22","1632326413722000000","199242470","ETH/USD","bitstamp","3009.800000","2.500000"
"2021-09-22","1632326413755000000","609511695","ETH/USD","binance","3010.000000",".020000"
"2021-09-22","1632326413722000000","199242471","ETH/USD","bitstamp","3009.660000","1.649783"
"2021-09-22","1632326413777000000","609511696","ETH/USD","binance","3010.000000",".150000"
"2021-09-22","1632326413778000000","609511697","ETH/USD","binance","3010.000000","2.778000"
"2021-09-22","1632326413806000000","609511698","ETH/USD","binance","3010.000000",".006200"
"2021-09-22","1632326413806000000","609511699","ETH/USD","binance","3009.620000",".023700"
"2021-09-22","1632326413806000000","609511700","ETH/USD","binance","3009.380000",".013300"
"2021-09-22","1632326413806000000","609511701","ETH/USD","binance","3009.280000",".106700"
"2021-09-22","1632326413834000000","1064350132","BTC/USD","binance","43236.820000",".003000"
"2021-09-22","1632326413887000000","158876557","ETH/USD","coinbase-pro","3011.110000",".083110"
"2021-09-22","1632326413907000000","13128765","DOGE/USD","coinbase-pro",".215400","277.500000"
"2021-09-22","1632326413907000000","13128766","DOGE/USD","coinbase-pro",".215400","861.700000"
"2021-09-22","1632326413892000000","1064350133","BTC/USD","binance","43236.820000",".001150"
"2021-09-22","1632326413892000000","609511702","ETH/USD","binance","3009.700000",".044500"
"2021-09-22","1632326413903000000","1064350134","BTC/USD","binance","43236.820000",".001640"
"2021-09-22","1632326414010000000","1064350135","BTC/USD","binance","43236.820000",".002530"
"2021-09-22","1632326414014000000","1064350136","BTC/USD","binance","43236.820000",".001120"
"2021-09-22","1632326414036000000","609511703","ETH/USD","binance","3009.640000",".560900"
"2021-09-22","1632326414036000000","609511704","ETH/USD","binance","3009.670000",".861300"
"2021-09-22","1632326414036000000","609511705","ETH/USD","binance","3009.670000",".738700"
"2021-09-22","1632326414036000000","609511706","ETH/USD","binance","3009.980000","1.616400"
"2021-09-22","1632326414036000000","609511707","ETH/USD","binance","3009.990000","2.990400"
"2021-09-22","1632326414036000000","609511708","ETH/USD","binance","3010.010000",".026400"
"2021-09-22","1632326414036000000","1064350137","BTC/USD","binance","43236.820000",".027490"
"2021-09-22","1632326414037000000","609511709","ETH/USD","binance","3010.010000",".312300"
"2021-09-22","1632326414037000000","609511710","ETH/USD","binance","3010.030000",".917800"
"2021-09-22","1632326414037000000","609511711","ETH/USD","binance","3010.280000",".043900"
"2021-09-22","1632326414037000000","609511712","ETH/USD","binance","3010.500000","1.006600"
"2021-09-22","1632326414037000000","609511713","ETH/USD","binance","3010.510000","3.535700"
"2021-09-22","1632326414037000000","609511714","ETH/USD","binance","3010.520000","10.100000"
"2021-09-22","1632326414039000000","297608812","ETH/BTC","binance",".069611","2.730000"
"2021-09-22","1632326414040000000","609511715","ETH/USD","binance","3010.600000",".144800"
"2021-09-22","1632326414040000000","609511716","ETH/USD","binance","3010.620000",".969900"
"2021-09-22","1632326414040000000","609511717","ETH/USD","binance","3010.700000",".007500"
"2021-09-22","1632326414040000000","609511718","ETH/USD","binance","3010.710000",".785300"
"2021-09-22","1632326414042000000","609511719","ETH/USD","binance","3009.980000",".693600"
"2021-09-22","1632326414042000000","609511720","ETH/USD","binance","3009.980000",".934600"
"2021-09-22","1632326414047000000","609511721","ETH/USD","binance","3009.980000","1.486600"
"2021-09-22","1632326414047000000","609511722","ETH/USD","binance","3010.020000",".321500"
"2021-09-22","1632326414054000000","297608813","ETH/BTC","binance",".069616",".157600"
"2021-09-22","1632326414054000000","297608814","ETH/BTC","binance",".069617",".158200"
"2021-09-22","1632326414054000000","297608815","ETH/BTC","binance",".069618",".002000"
"2021-09-22","1632326414054000000","297608816","ETH/BTC","binance",".069618",".219300"
"2021-09-22","1632326414060000000","297608817","ETH/BTC","binance",".069618",".229600"
"2021-09-22","1632326414000000000","59114908869","ETH/USD","gemini","3011.760000",".019000"
"2021-09-22","1632326414062000000","609511723","ETH/USD","binance","3010.520000","1.291300"
"2021-09-22","1632326414067000000","1064350138","BTC/USD","binance","43236.810000",".000300"
"2021-09-22","1632326414076000000","1064350139","BTC/USD","binance","43236.820000",".008300"
"2021-09-22","1632326414076000000","297608818","ETH/BTC","binance",".069622","4.190900"
"2021-09-22","1632326414077000000","609511724","ETH/USD","binance","3010.670000","1.006600"
"2021-09-22","1632326414079000000","609511725","ETH/USD","binance","3010.700000",".227900"
"2021-09-22","1632326414128000000","158876558","ETH/USD","coinbase-pro","3011.690000",".366712"
"2021-09-22","1632326414079000000","609511726","ETH/USD","binance","3010.700000",".227900"
"2021-09-22","1632326414081000000","609511727","ETH/USD","binance","3010.590000","1.660700"
"2021-09-22","1632326414081000000","609511728","ETH/USD","binance","3010.700000",".392100"
"2021-09-22","1632326414081000000","609511729","ETH/USD","binance","3010.830000",".003500"
"2021-09-22","1632326414081000000","609511730","ETH/USD","binance","3010.860000",".686800"
"2021-09-22","1632326414081000000","609511731","ETH/USD","binance","3010.880000","3.719900"
"2021-09-22","1632326414085000000","609511732","ETH/USD","binance","3010.880000","2.792800"
"2021-09-22","1632326414085000000","609511733","ETH/USD","binance","3010.900000","1.650200"
"2021-09-22","1632326414085000000","609511734","ETH/USD","binance","3011.050000","1.349800"
"2021-09-22","1632326414087000000","609511735","ETH/USD","binance","3011.050000",".167400"
"2021-09-22","1632326414089000000","609511736","ETH/USD","binance","3010.640000",".015600"
"2021-09-22","1632326414094000000","609511737","ETH/USD","binance","3011.070000",".150800"
"2021-09-22","1632326414094000000","609511738","ETH/USD","binance","3011.120000",".196000"
"2021-09-22","1632326414095000000","297608819","ETH/BTC","binance",".069630",".112100"
"2021-09-22","1632326414095000000","297608820","ETH/BTC","binance",".069630",".071900"
"2021-09-22","1632326414145000000","214133145","BTC/USD","coinbase-pro","43254.840000",".004481"
"2021-09-22","1632326414098000000","609511739","ETH/USD","binance","3011.120000",".693500"
"2021-09-22","1632326414100000000","297608821","ETH/BTC","binance",".069630",".172800"
"2021-09-22","1632326414102000000","609511740","ETH/USD","binance","3011.050000",".520200"
"2021-09-22","1632326414104000000","609511741","ETH/USD","binance","3011.050000",".150800"
"2021-09-22","1632326414000000000","837174911","ETH/USD","bitfinex","3010.500000",".001188"
"2021-09-22","1632326414106000000","1064350140","BTC/USD","binance","43236.820000",".204770"
"2021-09-22","1632326414000000000","837174913","ETH/USD","bitfinex","3010.600000",".006000"
"2021-09-22","1632326414106000000","1064350141","BTC/USD","binance","43236.820000",".006000"
"2021-09-22","1632326414106000000","1064350142","BTC/USD","binance","43236.820000",".006690"
"2021-09-22","1632326414106000000","1064350143","BTC/USD","binance","43236.820000",".243320"
"2021-09-22","1632326414000000000","837174915","ETH/USD","bitfinex","3010.700000",".006000"
"2021-09-22","1632326414106000000","609511742","ETH/USD","binance","3011.050000",".485000"
"2021-09-22","1632326414000000000","837174917","ETH/USD","bitfinex","3010.800000",".006000"
"2021-09-22","1632326414106000000","609511743","ETH/USD","binance","3011.120000","1.463200"
"2021-09-22","1632326414107000000","609511744","ETH/USD","binance","3011.120000",".138300"
"2021-09-22","1632326414155000000","214133146","BTC/USD","coinbase-pro","43254.850000",".346800"
"2021-09-22","1632326414156000000","158876559","ETH/USD","coinbase-pro","3011.710000",".154837"
"2021-09-22","1632326414000000000","837174919","ETH/USD","bitfinex","3010.900000",".006000"
"2021-09-22","1632326414000000000","837174924","ETH/USD","bitfinex","3011.000000",".006000"
"2021-09-22","1632326414156000000","158876560","ETH/USD","coinbase-pro","3011.720000",".154837"
"2021-09-22","1632326414000000000","837174926","ETH/USD","bitfinex","3011.000000",".006000"
"2021-09-22","1632326414000000000","837174928","ETH/USD","bitfinex","3011.000000","3.284598"
"2021-09-22","1632326414114000000","609511745","ETH/USD","binance","3011.140000",".200000"
"2021-09-22","1632326414114000000","609511746","ETH/USD","binance","3011.160000",".100000"
"2021-09-22","1632326414114000000","609511747","ETH/USD","binance","3011.180000","5.502000"
"2021-09-22","1632326414115000000","1064350144","BTC/USD","binance","43236.820000",".006680"
"2021-09-22","1632326414119000000","609511748","ETH/USD","binance","3010.870000","1.635000"
"2021-09-22","1632326414119000000","609511749","ETH/USD","binance","3011.050000",".139900"
"2021-09-22","1632326414121000000","609511750","ETH/USD","binance","3011.050000",".106000"
"2021-09-22","1632326414000000000","837174930","ETH/USD","bitfinex","3011.000000","3.321500"
"2021-09-22","1632326414000000000","837174931","ETH/USD","bitfinex","3011.000000",".038772"
"2021-09-22","1632326414142000000","1064350145","BTC/USD","binance","43237.800000",".029110"
"2021-09-22","1632326414000000000","837174938","ETH/USD","bitfinex","3011.100000",".006000"
"2021-09-22","1632326414000000000","837174940","ETH/USD","bitfinex","3011.200000",".006000"
"2021-09-22","1632326414000000000","837174942","ETH/USD","bitfinex","3011.300000",".006000"
"2021-09-22","1632326414000000000","837174944","ETH/USD","bitfinex","3011.300000",".281950"
"2021-09-22","1632326414000000000","837174946","ETH/USD","bitfinex","3011.300000",".106300"
"2021-09-22","1632326414000000000","837174948","ETH/USD","bitfinex","3011.300000",".150000"
"2021-09-22","1632326414147000000","609511751","ETH/USD","binance","3011.050000",".722800"
"2021-09-22","1632326414147000000","609511752","ETH/USD","binance","3011.210000","1.499100"
"2021-09-22","1632326414147000000","609511753","ETH/USD","binance","3011.230000",".403100"
"2021-09-22","1632326414195000000","609511754","ETH/USD","binance","3011.220000",".029300"
"2021-09-22","1632326414203000000","297608822","ETH/BTC","binance",".069629","2.399900"
"2021-09-22","1632326414000000000","837174950","ETH/USD","bitfinex","3011.300000","2.500000"
"2021-09-22","1632326414000000000","837174952","ETH/USD","bitfinex","3011.300000",".265200"
"2021-09-22","1632326414000000000","837174957","ETH/USD","bitfinex","3011.008384",".006000"
"2021-09-22","1632326414000000000","837174968","ETH/USD","bitfinex","3011.300000",".017650"
"2021-09-22","1632326414000000000","837174970","ETH/USD","bitfinex","3011.300000",".006000"
"2021-09-22","1632326414000000000","837174972","ETH/USD","bitfinex","3011.300000",".282000"
"2021-09-22","1632326414000000000","837174974","ETH/USD","bitfinex","3011.300000","2.500000"
"2021-09-22","1632326414000000000","837174976","ETH/USD","bitfinex","3011.300000",".515800"
"2021-09-22","1632326414000000000","837174978","ETH/USD","bitfinex","3011.300000",".017700"
"2021-09-22","1632326414000000000","837174980","ETH/USD","bitfinex","3011.300000",".001170"
"2021-09-22","1632326414000000000","837174982","ETH/USD","bitfinex","3011.400000",".004830"
"2021-09-22","1632326414000000000","837174984","ETH/USD","bitfinex","3011.400000",".001170"
"2021-09-22","1632326414000000000","837174986","ETH/USD","bitfinex","3011.500000",".006000"
"2021-09-22","1632326414000000000","837174988","ETH/USD","bitfinex","3011.500000",".163000"
"2021-09-22","1632326414214000000","609511755","ETH/USD","binance","3011.220000",".864300"
"2021-09-22","1632326414214000000","609511756","ETH/USD","binance","3011.040000",".965700"
"2021-09-22","1632326414214000000","609511757","ETH/USD","binance","3010.840000",".314500"
"2021-09-22","1632326414214000000","609511758","ETH/USD","binance","3010.800000",".072100"
"2021-09-22","1632326414214000000","609511759","ETH/USD","binance","3010.800000",".183300"
"2021-09-22","1632326414215000000","1064350146","BTC/USD","binance","43239.990000",".167100"
"2021-09-22","1632326414218000000","1064350147","BTC/USD","binance","43239.980000",".002790"
"2021-09-22","1632326414232000000","609511760","ETH/USD","binance","3010.810000","1.951100"
"2021-09-22","1632326414232000000","609511761","ETH/USD","binance","3010.810000","2.048900"
"2021-09-22","1632326414258000000","13128767","DOGE/USD","coinbase-pro",".215300","9.100000"
"2021-09-22","1632326414286000000","158876561","ETH/USD","coinbase-pro","3012.370000","1.260000"
"2021-09-22","1632326414256000000","1064350148","BTC/USD","binance","43239.980000",".011640"
"2021-09-22","1632326414270000000","297608823","ETH/BTC","binance",".069629",".116300"
"2021-09-22","1632326414274000000","609511762","ETH/USD","binance","3010.810000","1.111000"
"2021-09-22","1632326414279000000","1064350149","BTC/USD","binance","43239.990000",".050220"
"2021-09-22","1632326414000000000","837177437","BTC/USD","bitfinex","43236.000000",".024588"
"2021-09-22","1632326414328000000","609511763","ETH/USD","binance","3010.520000",".200000"
"2021-09-22","1632326414342000000","609511764","ETH/USD","binance","3010.520000",".699700"
"2021-09-22","1632326414342000000","609511765","ETH/USD","binance","3010.520000",".265900"
"2021-09-22","1632326414359000000","609511766","ETH/USD","binance","3010.490000",".084300"
"2021-09-22","1632326414369000000","609511767","ETH/USD","binance","3010.490000",".084300"
"2021-09-22","1632326414434000000","158876562","ETH/USD","coinbase-pro","3012.370000","1.540000"
"2021-09-22","1632326414434000000","158876563","ETH/USD","coinbase-pro","3011.960000",".034515"
"2021-09-22","1632326414434000000","158876564","ETH/USD","coinbase-pro","3011.920000",".366712"
"2021-09-22","1632326414434000000","158876565","ETH/USD","coinbase-pro","3011.880000","2.443773"
"2021-09-22","1632326414435000000","158876566","ETH/USD","coinbase-pro","3012.380000",".032119"
"2021-09-22","1632326414399000000","1064350150","BTC/USD","binance","43239.980000",".006000"
"2021-09-22","1632326414399000000","1064350151","BTC/USD","binance","43239.980000",".031420"
"2021-09-22","1632326414411000000","1064350152","BTC/USD","binance","43239.980000",".002790"
"2021-09-22","1632326414428000000","1064350153","BTC/USD","binance","43239.990000",".032680"
"2021-09-22","1632326414428000000","1064350154","BTC/USD","binance","43239.990000",".001290"
"2021-09-22","1632326414440000000","609511768","ETH/USD","binance","3010.480000",".006600"
"2021-09-22","1632326414440000000","609511769","ETH/USD","binance","3010.470000",".077700"
"2021-09-22","1632326414440000000","609511770","ETH/USD","binance","3010.180000",".665200"
"2021-09-22","1632326414000000000","837174991","ETH/USD","bitfinex","3011.400000",".010000"
"2021-09-22","1632326414000000000","837174992","ETH/USD","bitfinex","3011.600000",".006000"
"2021-09-22","1632326414000000000","837174993","ETH/USD","bitfinex","3011.700000",".006000"
"2021-09-22","1632326414000000000","837174994","ETH/USD","bitfinex","3011.700000",".047000"
"2021-09-22","1632326414514000000","158876567","ETH/USD","coinbase-pro","3011.620000",".038179"
"2021-09-22","1632326414515000000","214133147","BTC/USD","coinbase-pro","43254.840000",".005234"
"2021-09-22","1632326414515000000","214133148","BTC/USD","coinbase-pro","43254.840000",".006386"
"2021-09-22","1632326414506000000","13128768","DOGE/USD","coinbase-pro",".215500","18.000000"
"2021-09-22","1632326414533000000","609511771","ETH/USD","binance","3009.770000",".393700"
"2021-09-22","1632326414586000000","214133149","BTC/USD","coinbase-pro","43254.840000",".100000"
"2021-09-22","1632326414537000000","609511772","ETH/USD","binance","3009.630000",".436100"
"2021-09-22","1632326414539000000","297608824","ETH/BTC","binance",".069620",".393700"
"2021-09-22","1632326414542000000","1064350155","BTC/USD","binance","43239.980000",".027400"
"2021-09-22","1632326414563000000","1064350156","BTC/USD","binance","43239.990000",".003720"
"2021-09-22","1632326414632000000","214133150","BTC/USD","coinbase-pro","43254.850000",".000035"
"2021-09-22","1632326414632000000","214133151","BTC/USD","coinbase-pro","43261.250000",".000172"
"2021-09-22","1632326414596000000","297608825","ETH/BTC","binance",".069621",".172800"
"2021-09-22","1632326414599000000","609511773","ETH/USD","binance","3009.640000",".071800"
"2021-09-22","1632326414654000000","158876568","ETH/USD","coinbase-pro","3011.630000",".053552"
"2021-09-22","1632326414608000000","609511774","ETH/USD","binance","3009.640000",".112100"
"2021-09-22","1632326414619000000","1064350157","BTC/USD","binance","43239.990000",".000830"
"2021-09-22","1632326414000000000","837174995","ETH/USD","bitfinex","3010.700000",".200000"
"2021-09-22","1632326414651000000","609511775","ETH/USD","binance","3009.640000",".349900"
"2021-09-22","1632326414662000000","1064350158","BTC/USD","binance","43239.990000",".000580"
"2021-09-22","1632326414675000000","1064350159","BTC/USD","binance","43239.990000",".001000"
"2021-09-22","1632326414728000000","1064350160","BTC/USD","binance","43239.990000",".004910"
"2021-09-22","1632326414748000000","1064350161","BTC/USD","binance","43239.990000",".000250"
"2021-09-22","1632326414845000000","1064350162","BTC/USD","binance","43239.980000",".002520"
"2021-09-22","1632326414908000000","158876569","ETH/USD","coinbase-pro","3011.210000",".814230"
"2021-09-22","1632326414888000000","1064350163","BTC/USD","binance","43239.980000",".031060"
"2021-09-22","1632326414959000000","214133152","BTC/USD","coinbase-pro","43261.240000",".003394"
"2021-09-22","1632326414959000000","214133153","BTC/USD","coinbase-pro","43262.780000",".022419"
"2021-09-22","1632326414959000000","214133154","BTC/USD","coinbase-pro","43263.190000",".008790"
"2021-09-22","1632326414933000000","609511776","ETH/USD","binance","3009.630000",".033300"
"2021-09-22","1632326415038000000","214133155","BTC/USD","coinbase-pro","43264.030000",".000289"
"2021-09-22","1632326415061000000","214133156","BTC/USD","coinbase-pro","43263.150000",".005944"
"2021-09-22","1632326415061000000","158876570","ETH/USD","coinbase-pro","3011.200000",".173050"
"2021-09-22","1632326415061000000","214133157","BTC/USD","coinbase-pro","43264.030000",".005573"
"2021-09-22","1632326415061000000","158876571","ETH/USD","coinbase-pro","3011.190000",".856000"
"2021-09-22","1632326415045000000","609511777","ETH/USD","binance","3009.630000",".615800"
"2021-09-22","1632326415045000000","609511778","ETH/USD","binance","3009.630000",".988600"
"2021-09-22","1632326415052000000","609511779","ETH/USD","binance","3009.380000",".326000"
"2021-09-22","1632326415103000000","158876572","ETH/USD","coinbase-pro","3010.840000",".066096"
"2021-09-22","1632326415054000000","1064350164","BTC/USD","binance","43239.980000",".002300"
"2021-09-22","1632326415054000000","1064350165","BTC/USD","binance","43239.980000",".004910"
"2021-09-22","1632326415054000000","1064350166","BTC/USD","binance","43237.820000",".441150"
"2021-09-22","1632326415054000000","1064350167","BTC/USD","binance","43236.820000",".052130"
"2021-09-22","1632326415071000000","1064350168","BTC/USD","binance","43236.820000",".005000"
"2021-09-22","1632326415074000000","1064350169","BTC/USD","binance","43236.820000",".004000"
"2021-09-22","1632326415091000000","1064350170","BTC/USD","binance","43236.830000",".001910"
"2021-09-22","1632326415098000000","609511780","ETH/USD","binance","3009.380000",".071800"
"2021-09-22","1632326415099000000","609511781","ETH/USD","binance","3009.380000",".999900"
"2021-09-22","1632326415149000000","158876573","ETH/USD","coinbase-pro","3010.840000",".777545"
"2021-09-22","1632326415102000000","1064350171","BTC/USD","binance","43236.830000",".004990"
"2021-09-22","1632326415102000000","609511782","ETH/USD","binance","3009.380000",".071800"
"2021-09-22","1632326415136000000","1064350172","BTC/USD","binance","43236.820000",".003470"
"2021-09-22","1632326415254000000","1064350173","BTC/USD","binance","43236.820000",".000250"
"2021-09-22","1632326415258000000","609511783","ETH/USD","binance","3009.380000","1.244200"
"2021-09-22","1632326415266000000","297608826","ETH/BTC","binance",".069621",".172800"
"2021-09-22","1632326415346000000","609511784","ETH/USD","binance","3009.380000",".018200"
"2021-09-22","1632326415364000000","609511785","ETH/USD","binance","3009.370000",".010000"
"2021-09-22","1632326415410000000","1064350174","BTC/USD","binance","43236.830000",".011600"
"2021-09-22","1632326415461000000","214133158","BTC/USD","coinbase-pro","43258.420000",".001104"
"2021-09-22","1632326415000000000","837177438","BTC/USD","bitfinex","43235.000000",".050000"
"2021-09-22","1632326415500000000","609511786","ETH/USD","binance","3009.380000",".032500"
"2021-09-22","1632326415510000000","609511787","ETH/USD","binance","3009.380000","1.137800"
"2021-09-22","1632326415510000000","609511788","ETH/USD","binance","3009.380000","1.862200"
"2021-09-22","1632326415519000000","609511789","ETH/USD","binance","3009.380000",".150000"
"2021-09-22","1632326415522000000","1064350175","BTC/USD","binance","43236.820000",".001980"
"2021-09-22","1632326415595000000","158876574","ETH/USD","coinbase-pro","3010.830000",".154000"
"2021-09-22","1632326415559000000","1064350176","BTC/USD","binance","43236.820000",".005280"
"2021-09-22","1632326415637000000","214133159","BTC/USD","coinbase-pro","43258.410000",".000570"
"2021-09-22","1632326415633000000","609511790","ETH/USD","binance","3009.380000",".071800"
"2021-09-22","1632326415634000000","609511791","ETH/USD","binance","3009.380000",".071800"
"2021-09-22","1632326415635000000","1064350177","BTC/USD","binance","43236.830000",".000800"
"2021-09-22","1632326415688000000","158876575","ETH/USD","coinbase-pro","3010.830000",".000837"
"2021-09-22","1632326415688000000","158876576","ETH/USD","coinbase-pro","3010.840000",".154837"
"2021-09-22","1632326415688000000","158876577","ETH/USD","coinbase-pro","3011.000000",".100000"
"2021-09-22","1632326415640000000","609511792","ETH/USD","binance","3009.380000",".349900"
"2021-09-22","1632326415640000000","1064350178","BTC/USD","binance","43236.820000",".000940"
"2021-09-22","1632326415737000000","609511793","ETH/USD","binance","3009.380000",".100600"
"2021-09-22","1632326415737000000","609511794","ETH/USD","binance","3009.640000",".338700"
"2021-09-22","1632326415737000000","609511795","ETH/USD","binance","3010.000000",".560600"
"2021-09-22","1632326415771000000","297608827","ETH/BTC","binance",".069621",".152400"
"2021-09-22","1632326415771000000","297608828","ETH/BTC","binance",".069624",".020400"
"2021-09-22","1632326415847000000","158876578","ETH/USD","coinbase-pro","3011.820000",".033834"
"2021-09-22","1632326415847000000","158876579","ETH/USD","coinbase-pro","3012.220000",".017066"
"2021-09-22","1632326415864000000","158876580","ETH/USD","coinbase-pro","3011.290000","1.353283"
"2021-09-22","1632326415826000000","1064350179","BTC/USD","binance","43236.830000",".290850"
"2021-09-22","1632326415826000000","1064350180","BTC/USD","binance","43236.830000",".128940"
"2021-09-22","1632326415846000000","1064350181","BTC/USD","binance","43236.820000",".000930"
"2021-09-22","1632326415863000000","1064350182","BTC/USD","binance","43236.830000",".066060"
"2021-09-22","1632326415970000000","609511796","ETH/USD","binance","3009.980000",".895200"
"2021-09-22","1632326416024000000","158876581","ETH/USD","coinbase-pro","3011.630000",".512000"
"2021-09-22","1632326416024000000","158876582","ETH/USD","coinbase-pro","3011.640000","1.435740"
"2021-09-22","1632326415982000000","1064350183","BTC/USD","binance","43236.830000",".001650"
"2021-09-22","1632326415995000000","609511797","ETH/USD","binance","3009.480000",".265800"
"2021-09-22","1632326415995000000","609511798","ETH/USD","binance","3009.470000",".009500"
"2021-09-22","1632326415995000000","609511799","ETH/USD","binance","3009.470000","1.225000"
"2021-09-22","1632326415995000000","609511800","ETH/USD","binance","3009.470000","1.627900"
"2021-09-22","1632326415995000000","609511801","ETH/USD","binance","3009.450000","1.600000"
"2021-09-22","1632326415995000000","609511802","ETH/USD","binance","3009.430000",".033200"
"2021-09-22","1632326415995000000","609511803","ETH/USD","binance","3009.390000",".011900"
"2021-09-22","1632326415995000000","609511804","ETH/USD","binance","3009.390000","2.969200"
"2021-09-22","1632326415995000000","609511805","ETH/USD","binance","3009.380000","10.100000"
"2021-09-22","1632326415995000000","609511806","ETH/USD","binance","3009.380000",".006600"
"2021-09-22","1632326415995000000","609511807","ETH/USD","binance","3009.370000",".882400"
"2021-09-22","1632326415995000000","609511808","ETH/USD","binance","3009.370000",".005400"
"2021-09-22","1632326415995000000","609511809","ETH/USD","binance","3009.360000",".200000"
"2021-09-22","1632326415995000000","609511810","ETH/USD","binance","3009.340000","1.043100"
"2021-09-22","1632326416010000000","1064350184","BTC/USD","binance","43236.830000",".000250"
"2021-09-22","1632326416047000000","1064350185","BTC/USD","binance","43236.820000",".024010"
"2021-09-22","1632326416120000000","214133160","BTC/USD","coinbase-pro","43258.410000",".194100"
"2021-09-22","1632326416071000000","1064350186","BTC/USD","binance","43236.830000",".002580"
"2021-09-22","1632326416137000000","158876583","ETH/USD","coinbase-pro","3011.250000",".642000"
"2021-09-22","1632326416148000000","214133161","BTC/USD","coinbase-pro","43258.350000",".001000"
"2021-09-22","1632326416163000000","214133162","BTC/USD","coinbase-pro","43256.840000",".001000"
"2021-09-22","1632326416229000000","158876584","ETH/USD","coinbase-pro","3010.780000","2.598633"
"2021-09-22","1632326416233000000","158876585","ETH/USD","coinbase-pro","3011.250000",".162868"
"2021-09-22","1632326416187000000","1064350187","BTC/USD","binance","43236.830000",".010000"
"2021-09-22","1632326416262000000","1064350188","BTC/USD","binance","43236.820000",".007080"
"2021-09-22","1632326416323000000","1064350189","BTC/USD","binance","43236.820000",".062620"
"2021-09-22","1632326416384000000","1064350190","BTC/USD","binance","43236.820000",".038330"
"2021-09-22","1632326416000000000","837177439","BTC/USD","bitfinex","43236.000000",".000579"
"2021-09-22","1632326416465000000","158876586","ETH/USD","coinbase-pro","3010.630000",".006678"
"2021-09-22","1632326416428000000","1064350191","BTC/USD","binance","43236.830000",".033970"
"2021-09-22","1632326416581000000","158876587","ETH/USD","coinbase-pro","3010.640000",".154000"
"2021-09-22","1632326416647000000","609511811","ETH/USD","binance","3009.380000",".338700"
"2021-09-22","1632326416647000000","609511812","ETH/USD","binance","3009.380000",".011200"
"2021-09-22","1632326416664000000","609511813","ETH/USD","binance","3009.380000",".332200"
"2021-09-22","1632326416779000000","214133163","BTC/USD","coinbase-pro","43258.420000",".000920"
"2021-09-22","1632326416841000000","609511814","ETH/USD","binance","3009.380000",".926500"
"2021-09-22","1632326416000000000","837174997","ETH/USD","bitfinex","3010.000000",".006000"
"2021-09-22","1632326416000000000","837174998","ETH/USD","bitfinex","3010.000000",".025196"
"2021-09-22","1632326416000000000","837174999","ETH/USD","bitfinex","3009.600000",".018804"
"2021-09-22","1632326416926000000","1064350192","BTC/USD","binance","43236.820000",".093980"
"2021-09-22","1632326416926000000","1064350193","BTC/USD","binance","43236.820000",".001600"
"2021-09-22","1632326416926000000","1064350194","BTC/USD","binance","43236.820000",".018670"
"2021-09-22","1632326416926000000","1064350195","BTC/USD","binance","43236.820000",".033970"
"2021-09-22","1632326416926000000","1064350196","BTC/USD","binance","43236.810000",".051930"
"2021-09-22","1632326417070000000","214133164","BTC/USD","coinbase-pro","43258.420000",".006921"
"2021-09-22","1632326417040000000","1064350197","BTC/USD","binance","43236.810000",".060040"
"2021-09-22","1632326417141000000","13128769","DOGE/USD","coinbase-pro",".215400","1.100000"
"2021-09-22","1632326417141000000","13128770","DOGE/USD","coinbase-pro",".215400","84.400000"
"2021-09-22","1632326417102000000","609511815","ETH/USD","binance","3009.380000",".461700"
"2021-09-22","1632326417118000000","609511816","ETH/USD","binance","3009.370000",".006600"
"2021-09-22","1632326417118000000","609511817","ETH/USD","binance","3009.370000","2.400000"
"2021-09-22","1632326417118000000","609511818","ETH/USD","binance","3009.360000",".200000"
"2021-09-22","1632326417188000000","609511819","ETH/USD","binance","3009.330000",".830400"
"2021-09-22","1632326417197000000","1064350198","BTC/USD","binance","43236.810000",".000480"
"2021-09-22","1632326417233000000","609511820","ETH/USD","binance","3009.340000",".096600"
"2021-09-22","1632326417251000000","609511821","ETH/USD","binance","3009.330000",".200000"
"2021-09-22","1632326417276000000","609511822","ETH/USD","binance","3008.790000","1.600000"
"2021-09-22","1632326417276000000","609511823","ETH/USD","binance","3008.690000",".265800"
"2021-09-22","1632326417276000000","609511824","ETH/USD","binance","3008.680000",".811700"
"2021-09-22","1632326417331000000","158876588","ETH/USD","coinbase-pro","3010.620000","2.716233"
"2021-09-22","1632326417283000000","609511825","ETH/USD","binance","3008.680000",".849200"
"2021-09-22","1632326417283000000","609511826","ETH/USD","binance","3008.680000","1.008500"
"2021-09-22","1632326417357000000","158876589","ETH/USD","coinbase-pro","3010.460000",".200000"
"2021-09-22","1632326417371000000","158876590","ETH/USD","coinbase-pro","3010.130000","1.679274"
"2021-09-22","1632326417382000000","158876591","ETH/USD","coinbase-pro","3010.130000","1.110968"
"2021-09-22","1632326417382000000","158876592","ETH/USD","coinbase-pro","3010.120000","1.222703"
"2021-09-22","1632326417338000000","609511827","ETH/USD","binance","3008.700000",".200000"
"2021-09-22","1632326417345000000","1064350199","BTC/USD","binance","43236.800000",".012040"
"2021-09-22","1632326417404000000","214133165","BTC/USD","coinbase-pro","43256.840000",".001000"
"2021-09-22","1632326417405000000","158876593","ETH/USD","coinbase-pro","3010.170000",".200000"
"2021-09-22","1632326417405000000","158876594","ETH/USD","coinbase-pro","3010.120000","2.704225"
"2021-09-22","1632326417366000000","609511828","ETH/USD","binance","3008.660000",".016600"
"2021-09-22","1632326417424000000","158876595","ETH/USD","coinbase-pro","3009.930000","1.188750"
"2021-09-22","1632326417428000000","214133166","BTC/USD","coinbase-pro","43254.480000",".001000"
"2021-09-22","1632326417441000000","158876596","ETH/USD","coinbase-pro","3009.930000","1.503868"
"2021-09-22","1632326417394000000","297608829","ETH/BTC","binance",".069620",".000100"
"2021-09-22","1632326417394000000","297608830","ETH/BTC","binance",".069613",".045900"
"2021-09-22","1632326417394000000","297608831","ETH/BTC","binance",".069607",".006400"
"2021-09-22","1632326417394000000","297608832","ETH/BTC","binance",".069605",".232600"
"2021-09-22","1632326417446000000","214133167","BTC/USD","coinbase-pro","43253.970000",".000627"
"2021-09-22","1632326417410000000","1064350200","BTC/USD","binance","43236.810000",".003800"
"2021-09-22","1632326417411000000","297608833","ETH/BTC","binance",".069606",".045900"
"2021-09-22","1632326417411000000","297608834","ETH/BTC","binance",".069605",".187600"
"2021-09-22","1632326417482000000","214133168","BTC/USD","coinbase-pro","43253.970000",".049300"
"2021-09-22","1632326417450000000","609511829","ETH/USD","binance","3008.410000",".835700"
"2021-09-22","1632326417450000000","609511830","ETH/USD","binance","3008.410000",".076200"
"2021-09-22","1632326417450000000","609511831","ETH/USD","binance","3008.410000",".200000"
"2021-09-22","1632326417460000000","609511832","ETH/USD","binance","3008.060000",".832500"
"2021-09-22","1632326417472000000","609511833","ETH/USD","binance","3008.670000",".128700"
"2021-09-22","1632326417472000000","609511834","ETH/USD","binance","3008.690000",".419700"
"2021-09-22","1632326417535000000","297608835","ETH/BTC","binance",".069595",".045900"
"2021-09-22","1632326417595000000","297608836","ETH/BTC","binance",".069594",".030100"
"2021-09-22","1632326417595000000","297608837","ETH/BTC","binance",".069594",".006000"
"2021-09-22","1632326417595000000","297608838","ETH/BTC","binance",".069594",".271700"
"2021-09-22","1632326417647000000","1064350201","BTC/USD","binance","43236.800000",".006630"
"2021-09-22","1632326417647000000","1064350202","BTC/USD","binance","43236.780000",".018670"
"2021-09-22","1632326417652000000","609511835","ETH/USD","binance","3008.420000",".095200"
"2021-09-22","1632326417661000000","609511836","ETH/USD","binance","3008.420000",".136400"
"2021-09-22","1632326417661000000","609511837","ETH/USD","binance","3008.680000",".006600"
"2021-09-22","1632326417661000000","609511838","ETH/USD","binance","3008.690000",".206900"
"2021-09-22","1632326417663000000","1064350203","BTC/USD","binance","43229.210000",".006620"
"2021-09-22","1632326417712000000","214133169","BTC/USD","coinbase-pro","43253.980000",".000875"
"2021-09-22","1632326417663000000","297608839","ETH/BTC","binance",".069594",".095200"
"2021-09-22","1632326417743000000","158876597","ETH/USD","coinbase-pro","3009.640000",".166111"
"2021-09-22","1632326417731000000","609511839","ETH/USD","binance","3008.700000",".011900"
"2021-09-22","1632326417787000000","214133170","BTC/USD","coinbase-pro","43251.680000",".111700"
"2021-09-22","1632326417000000000","837177442","BTC/USD","bitfinex","43236.000000",".111671"
"2021-09-22","1632326417746000000","609511840","ETH/USD","binance","3008.310000",".049300"
"2021-09-22","1632326417747000000","609511841","ETH/USD","binance","3008.300000",".200000"
"2021-09-22","1632326417747000000","609511842","ETH/USD","binance","3008.290000",".063000"
"2021-09-22","1632326417750000000","609511843","ETH/USD","binance","3008.210000","1.600000"
"2021-09-22","1632326417750000000","609511844","ETH/USD","binance","3008.170000","5.960200"
"2021-09-22","1632326417753000000","609511845","ETH/USD","binance","3008.170000","4.024300"
"2021-09-22","1632326417758000000","609511846","ETH/USD","binance","3008.170000",".115500"
"2021-09-22","1632326417809000000","158876598","ETH/USD","coinbase-pro","3009.360000",".200000"
"2021-09-22","1632326417809000000","158876599","ETH/USD","coinbase-pro","3009.360000",".276028"
"2021-09-22","1632326417809000000","158876600","ETH/USD","coinbase-pro","3009.730000",".152167"
"2021-09-22","1632326417809000000","158876601","ETH/USD","coinbase-pro","3009.740000",".152167"
"2021-09-22","1632326417809000000","158876602","ETH/USD","coinbase-pro","3010.180000",".021402"
"2021-09-22","1632326417769000000","609511847","ETH/USD","binance","3008.090000",".158600"
"2021-09-22","1632326417819000000","158876603","ETH/USD","coinbase-pro","3009.350000",".010000"
"2021-09-22","1632326417819000000","158876604","ETH/USD","coinbase-pro","3009.340000","2.657870"
"2021-09-22","1632326417808000000","609511848","ETH/USD","binance","3008.060000",".117000"
"2021-09-22","1632326417880000000","158876605","ETH/USD","coinbase-pro","3009.360000",".200000"
"2021-09-22","1632326417843000000","609511849","ETH/USD","binance","3008.050000","6.000000"
"2021-09-22","1632326417846000000","199242479","BTC/USD","bitstamp","43246.810000",".568480"
"2021-09-22","1632326417909000000","158876606","ETH/USD","coinbase-pro","3009.110000",".038532"
"2021-09-22","1632326417869000000","609511850","ETH/USD","binance","3008.010000","1.752000"
"2021-09-22","1632326417869000000","609511851","ETH/USD","binance","3008.010000",".381100"
"2021-09-22","1632326417870000000","609511852","ETH/USD","binance","3008.000000",".139000"
"2021-09-22","1632326417877000000","297608840","ETH/BTC","binance",".069587","1.237400"
"2021-09-22","1632326417877000000","297608841","ETH/BTC","binance",".069587",".895700"
"2021-09-22","1632326417877000000","1064350204","BTC/USD","binance","43229.210000",".148420"
"2021-09-22","1632326417884000000","1064350205","BTC/USD","binance","43229.210000",".018380"
"2021-09-22","1632326417884000000","1064350206","BTC/USD","binance","43228.950000",".013920"
"2021-09-22","1632326417884000000","1064350207","BTC/USD","binance","43228.200000",".002420"
"2021-09-22","1632326417915000000","199242480","BTC/USD","bitstamp","43246.810000",".586820"
"2021-09-22","1632326417986000000","1064350208","BTC/USD","binance","43228.200000",".002720"
"2021-09-22","1632326418000000000","1064350209","BTC/USD","binance","43228.210000",".002690"
"2021-09-22","1632326418007000000","297608842","ETH/BTC","binance",".069588",".043000"
"2021-09-22","1632326418064000000","214133171","BTC/USD","coinbase-pro","43251.690000",".004425"
"2021-09-22","1632326418031000000","297608843","ETH/BTC","binance",".069588",".814700"
"2021-09-22","1632326418089000000","214133172","BTC/USD","coinbase-pro","43251.680000",".001000"
"2021-09-22","1632326418089000000","214133173","BTC/USD","coinbase-pro","43249.240000",".001694"
"2021-09-22","1632326418045000000","1064350210","BTC/USD","binance","43228.210000",".001860"
"2021-09-22","1632326418099000000","214133174","BTC/USD","coinbase-pro","43253.980000",".002212"
"2021-09-22","1632326418117000000","214133175","BTC/USD","coinbase-pro","43249.250000",".001000"
"2021-09-22","1632326418071000000","609511853","ETH/USD","binance","3008.010000",".166200"
"2021-09-22","1632326418108000000","1064350211","BTC/USD","binance","43228.210000",".031070"
"2021-09-22","1632326418158000000","297608844","ETH/BTC","binance",".069588",".050800"
"2021-09-22","1632326418207000000","1064350212","BTC/USD","binance","43228.200000",".000330"
"2021-09-22","1632326418232000000","609511854","ETH/USD","binance","3008.010000",".012900"
"2021-09-22","1632326418282000000","609511855","ETH/USD","binance","3008.010000","1.390900"
"2021-09-22","1632326418282000000","609511856","ETH/USD","binance","3008.010000",".536800"
"2021-09-22","1632326418284000000","199242483","BTC/USD","bitstamp","43246.760000",".100000"
"2021-09-22","1632326418341000000","609511857","ETH/USD","binance","3008.000000",".078800"
"2021-09-22","1632326418341000000","609511858","ETH/USD","binance","3008.000000","2.273800"
"2021-09-22","1632326418349000000","609511859","ETH/USD","binance","3007.950000",".020000"
"2021-09-22","1632326418349000000","609511860","ETH/USD","binance","3007.880000",".003900"
"2021-09-22","1632326418386000000","609511861","ETH/USD","binance","3007.530000",".021800"
"2021-09-22","1632326418430000000","1064350213","BTC/USD","binance","43228.210000",".005800"
"2021-09-22","1632326418486000000","158876607","ETH/USD","coinbase-pro","3009.590000",".084518"
"2021-09-22","1632326418444000000","1064350214","BTC/USD","binance","43228.210000",".001430"
"2021-09-22","1632326418495000000","158876608","ETH/USD","coinbase-pro","3009.490000",".013245"
"2021-09-22","1632326418447000000","609511862","ETH/USD","binance","3007.530000","1.202800"
"2021-09-22","1632326418459000000","297608845","ETH/BTC","binance",".069579",".026100"
"2021-09-22","1632326418506000000","158876609","ETH/USD","coinbase-pro","3009.490000",".022658"
"2021-09-22","1632326418506000000","158876610","ETH/USD","coinbase-pro","3009.580000",".073461"
"2021-09-22","1632326418533000000","158876611","ETH/USD","coinbase-pro","3009.570000",".006612"
"2021-09-22","1632326418533000000","609511863","ETH/USD","binance","3007.530000",".096000"
"2021-09-22","1632326418593000000","214133176","BTC/USD","coinbase-pro","43248.820000",".001000"
"2021-09-22","1632326418561000000","1064350215","BTC/USD","binance","43228.200000",".005490"
"2021-09-22","1632326418561000000","1064350216","BTC/USD","binance","43228.200000",".004510"
"2021-09-22","1632326418583000000","609511864","ETH/USD","binance","3007.530000",".032700"
"2021-09-22","1632326418586000000","297608846","ETH/BTC","binance",".069579",".026800"
"2021-09-22","1632326418676000000","13128771","DOGE/USD","coinbase-pro",".215200","186.800000"
"2021-09-22","1632326418659000000","609511865","ETH/USD","binance","3007.530000",".349900"
"2021-09-22","1632326418664000000","1064350217","BTC/USD","binance","43228.210000",".000830"
"2021-09-22","1632326418708000000","1064350218","BTC/USD","binance","43228.210000",".206320"
"2021-09-22","1632326418708000000","1064350219","BTC/USD","binance","43228.210000",".138560"
"2021-09-22","1632326418734000000","609511866","ETH/USD","binance","3007.530000",".297600"
"2021-09-22","1632326418798000000","609511867","ETH/USD","binance","3007.840000","1.536400"
"2021-09-22","1632326418828000000","1064350220","BTC/USD","binance","43228.200000",".014090"
"2021-09-22","1632326418864000000","1064350221","BTC/USD","binance","43228.210000",".001040"
"2021-09-22","1632326418883000000","297608847","ETH/BTC","binance",".069591",".045900"
"2021-09-22","1632326418883000000","297608848","ETH/BTC","binance",".069591",".008700"
"2021-09-22","1632326418936000000","158876612","ETH/USD","coinbase-pro","3009.550000",".006120"
"2021-09-22","1632326418894000000","1064350222","BTC/USD","binance","43228.200000",".012880"
"2021-09-22","1632326418992000000","158876613","ETH/USD","coinbase-pro","3009.540000",".128302"
"2021-09-22","1632326419019000000","609511868","ETH/USD","binance","3008.240000",".013200"
"2021-09-22","1632326419019000000","609511869","ETH/USD","binance","3008.250000",".020600"
"2021-09-22","1632326419019000000","1064350223","BTC/USD","binance","43228.200000",".014780"
"2021-09-22","1632326419019000000","1064350224","BTC/USD","binance","43228.200000",".012150"
"2021-09-22","1632326419029000000","609511870","ETH/USD","binance","3008.250000",".245200"
"2021-09-22","1632326419029000000","609511871","ETH/USD","binance","3008.410000",".932900"
"2021-09-22","1632326419029000000","609511872","ETH/USD","binance","3008.600000",".718600"
"2021-09-22","1632326419029000000","609511873","ETH/USD","binance","3008.610000","1.337000"
"2021-09-22","1632326419029000000","609511874","ETH/USD","binance","3008.650000","1.000000"
"2021-09-22","1632326419029000000","609511875","ETH/USD","binance","3008.670000","2.991900"
"2021-09-22","1632326419029000000","609511876","ETH/USD","binance","3008.680000","3.129900"
"2021-09-22","1632326419031000000","609511877","ETH/USD","binance","3008.680000",".521800"
"2021-09-22","1632326419035000000","609511878","ETH/USD","binance","3008.710000",".306400"
"2021-09-22","1632326419037000000","609511879","ETH/USD","binance","3008.240000",".063300"
"2021-09-22","1632326419037000000","609511880","ETH/USD","binance","3008.730000",".756500"
"2021-09-22","1632326419037000000","609511881","ETH/USD","binance","3009.000000",".699500"
"2021-09-22","1632326419037000000","1064350225","BTC/USD","binance","43228.210000",".050000"
"2021-09-22","1632326419038000000","1064350226","BTC/USD","binance","43228.210000",".050000"
"2021-09-22","1632326419038000000","297608849","ETH/BTC","binance",".069596",".095900"
"2021-09-22","1632326419039000000","1064350227","BTC/USD","binance","43228.210000",".010400"
"2021-09-22","1632326419039000000","1064350228","BTC/USD","binance","43228.210000",".189600"
"2021-09-22","1632326419041000000","297608850","ETH/BTC","binance",".069596",".044700"
"2021-09-22","1632326419046000000","1064350229","BTC/USD","binance","43228.210000",".150000"
"2021-09-22","1632326419047000000","1064350230","BTC/USD","binance","43228.210000",".064090"
"2021-09-22","1632326419000000000","59114922776","ETH/USD","gemini","3011.130000",".020000"
"2021-09-22","1632326419052000000","1064350231","BTC/USD","binance","43228.210000",".150000"
"2021-09-22","1632326419052000000","1064350232","BTC/USD","binance","43228.210000",".245990"
"2021-09-22","1632326419052000000","1064350233","BTC/USD","binance","43228.210000",".004010"
"2021-09-22","1632326419056000000","609511882","ETH/USD","binance","3008.680000","1.752000"
"2021-09-22","1632326419056000000","609511883","ETH/USD","binance","3009.070000",".471500"
"2021-09-22","1632326419106000000","158876614","ETH/USD","coinbase-pro","3009.530000",".152167"
"2021-09-22","1632326419106000000","158876615","ETH/USD","coinbase-pro","3009.540000",".017745"
"2021-09-22","1632326419060000000","1064350234","BTC/USD","binance","43228.210000",".100000"
"2021-09-22","1632326419064000000","297608851","ETH/BTC","binance",".069601",".449100"
"2021-09-22","1632326419064000000","297608852","ETH/BTC","binance",".069601","1.091300"
"2021-09-22","1632326419110000000","158876616","ETH/USD","coinbase-pro","3009.540000",".006120"
"2021-09-22","1632326419110000000","158876617","ETH/USD","coinbase-pro","3009.550000",".146047"
"2021-09-22","1632326419110000000","214133177","BTC/USD","coinbase-pro","43248.820000",".018000"
"2021-09-22","1632326419000000000","59114922866","ETH/USD","gemini","3011.120000",".100000"
"2021-09-22","1632326419000000000","59114922876","ETH/USD","gemini","3011.120000",".004000"
"2021-09-22","1632326419000000000","59114922885","ETH/USD","gemini","3011.120000",".100000"
"2021-09-22","1632326419000000000","59114922892","ETH/USD","gemini","3011.140000",".332000"
"2021-09-22","1632326419082000000","1064350235","BTC/USD","binance","43228.210000",".016690"
"2021-09-22","1632326419082000000","1064350236","BTC/USD","binance","43228.210000",".033310"
"2021-09-22","1632326419095000000","1064350237","BTC/USD","binance","43228.210000",".015390"
"2021-09-22","1632326419000000000","837175001","ETH/USD","bitfinex","3010.100000",".163000"
"2021-09-22","1632326419000000000","837175003","ETH/USD","bitfinex","3010.200000","1.000000"
"2021-09-22","1632326419095000000","1064350238","BTC/USD","binance","43228.210000",".002700"
"2021-09-22","1632326419096000000","609511884","ETH/USD","binance","3009.260000",".909500"
"2021-09-22","1632326419096000000","609511885","ETH/USD","binance","3009.260000","1.209500"
"2021-09-22","1632326419000000000","837175005","ETH/USD","bitfinex","3010.600000","1.363200"
"2021-09-22","1632326419000000000","59114922980","ETH/USD","gemini","3011.110000",".204000"
"2021-09-22","1632326419111000000","609511886","ETH/USD","binance","3009.410000",".680200"
"2021-09-22","1632326419112000000","1064350239","BTC/USD","binance","43230.220000",".019390"
"2021-09-22","1632326419000000000","837175007","ETH/USD","bitfinex","3010.600000",".796800"
"2021-09-22","1632326419161000000","214133178","BTC/USD","coinbase-pro","43252.940000",".001105"
"2021-09-22","1632326419000000000","837175009","ETH/USD","bitfinex","3010.600000",".813200"
"2021-09-22","1632326419000000000","837175011","ETH/USD","bitfinex","3010.700000",".666492"
"2021-09-22","1632326419000000000","837175013","ETH/USD","bitfinex","3010.700000","1.368700"
"2021-09-22","1632326419125000000","609511887","ETH/USD","binance","3009.640000",".012000"
"2021-09-22","1632326419125000000","609511888","ETH/USD","binance","3009.910000",".131900"
"2021-09-22","1632326419185000000","158876618","ETH/USD","coinbase-pro","3010.910000",".048954"
"2021-09-22","1632326419185000000","158876619","ETH/USD","coinbase-pro","3011.160000",".297905"
"2021-09-22","1632326419140000000","1064350240","BTC/USD","binance","43230.810000",".000250"
"2021-09-22","1632326419140000000","1064350241","BTC/USD","binance","43236.840000",".011500"
"2021-09-22","1632326419000000000","59114923085","ETH/USD","gemini","3011.100000",".204000"
"2021-09-22","1632326419151000000","609511889","ETH/USD","binance","3009.990000",".165000"
"2021-09-22","1632326419154000000","609511890","ETH/USD","binance","3009.630000",".034900"
"2021-09-22","1632326419201000000","1064350242","BTC/USD","binance","43235.930000",".002910"
"2021-09-22","1632326419207000000","609511891","ETH/USD","binance","3010.000000",".016700"
"2021-09-22","1632326419213000000","609511892","ETH/USD","binance","3010.000000",".258400"
"2021-09-22","1632326419213000000","609511893","ETH/USD","binance","3010.000000",".202200"
"2021-09-22","1632326419213000000","609511894","ETH/USD","binance","3010.080000",".539000"
"2021-09-22","1632326419264000000","214133179","BTC/USD","coinbase-pro","43249.540000",".002094"
"2021-09-22","1632326419221000000","1064350243","BTC/USD","binance","43235.920000",".005990"
"2021-09-22","1632326419221000000","609511895","ETH/USD","binance","3009.000000",".500000"
"2021-09-22","1632326419228000000","1064350244","BTC/USD","binance","43235.920000",".000010"
"2021-09-22","1632326419228000000","1064350245","BTC/USD","binance","43235.920000",".001310"
"2021-09-22","1632326419318000000","609511896","ETH/USD","binance","3010.050000",".249600"
"2021-09-22","1632326419334000000","609511897","ETH/USD","binance","3009.840000",".077800"
"2021-09-22","1632326419343000000","609511898","ETH/USD","binance","3009.830000",".514900"
"2021-09-22","1632326419358000000","609511899","ETH/USD","binance","3009.840000",".003400"
"2021-09-22","1632326419372000000","609511900","ETH/USD","binance","3009.830000",".180300"
"2021-09-22","1632326419389000000","609511901","ETH/USD","binance","3009.840000",".610200"
"2021-09-22","1632326419479000000","1064350246","BTC/USD","binance","43233.760000",".006000"
"2021-09-22","1632326419479000000","1064350247","BTC/USD","binance","43233.760000",".029000"
"2021-09-22","1632326419491000000","1064350248","BTC/USD","binance","43233.750000",".120000"
"2021-09-22","1632326419492000000","1064350249","BTC/USD","binance","43233.750000",".130000"
"2021-09-22","1632326419492000000","1064350250","BTC/USD","binance","43230.810000",".185320"
"2021-09-22","1632326419495000000","609511902","ETH/USD","binance","3009.530000",".527500"
"2021-09-22","1632326419495000000","609511903","ETH/USD","binance","3009.530000",".300100"
"2021-09-22","1632326419503000000","609511904","ETH/USD","binance","3009.350000",".006600"
"2021-09-22","1632326419503000000","609511905","ETH/USD","binance","3009.230000",".899000"
"2021-09-22","1632326419503000000","609511906","ETH/USD","binance","3009.170000","1.094400"
"2021-09-22","1632326419510000000","1064350251","BTC/USD","binance","43229.710000",".057820"
"2021-09-22","1632326419510000000","1064350252","BTC/USD","binance","43228.940000",".000350"
"2021-09-22","1632326419510000000","1064350253","BTC/USD","binance","43228.210000",".031910"
"2021-09-22","1632326419510000000","1064350254","BTC/USD","binance","43228.200000",".003940"
"2021-09-22","1632326419510000000","1064350255","BTC/USD","binance","43228.190000",".001760"
"2021-09-22","1632326419510000000","1064350256","BTC/USD","binance","43228.190000",".001240"
"2021-09-22","1632326419513000000","609511907","ETH/USD","binance","3009.170000",".278600"
"2021-09-22","1632326419513000000","609511908","ETH/USD","binance","3009.150000",".140600"
"2021-09-22","1632326419517000000","609511909","ETH/USD","binance","3009.150000",".690000"
"2021-09-22","1632326419533000000","609511910","ETH/USD","binance","3008.940000",".691000"
"2021-09-22","1632326419538000000","609511911","ETH/USD","binance","3008.950000",".093300"
"2021-09-22","1632326419546000000","609511912","ETH/USD","binance","3008.770000",".005000"
"2021-09-22","1632326419604000000","158876620","ETH/USD","coinbase-pro","3010.380000",".191504"
"2021-09-22","1632326419562000000","297608853","ETH/BTC","binance",".069611",".002300"
"2021-09-22","1632326419562000000","1064350257","BTC/USD","binance","43227.530000",".115630"
"2021-09-22","1632326419000000000","837177444","BTC/USD","bitfinex","43237.000000",".055364"
"2021-09-22","1632326419670000000","214133180","BTC/USD","coinbase-pro","43248.810000",".500000"
"2021-09-22","1632326419670000000","214133181","BTC/USD","coinbase-pro","43248.810000",".001000"
"2021-09-22","1632326419670000000","214133182","BTC/USD","coinbase-pro","43248.490000",".006600"
"2021-09-22","1632326419690000000","214133183","BTC/USD","coinbase-pro","43247.230000",".001000"
"2021-09-22","1632326419682000000","1064350258","BTC/USD","binance","43224.950000",".004840"
"2021-09-22","1632326419683000000","609511913","ETH/USD","binance","3008.440000",".349900"
"2021-09-22","1632326419684000000","1064350259","BTC/USD","binance","43224.960000",".002310"
"2021-09-22","1632326419687000000","1064350260","BTC/USD","binance","43224.960000",".000250"
"2021-09-22","1632326419698000000","1064350261","BTC/USD","binance","43224.960000",".005780"
"2021-09-22","1632326419720000000","609511914","ETH/USD","binance","3008.440000","1.251300"
"2021-09-22","1632326419000000000","59114925507","ETH/USD","gemini","3011.140000",".000297"
"2021-09-22","1632326419000000000","59114925509","ETH/USD","gemini","3011.350000",".204000"
"2021-09-22","1632326419000000000","59114925511","ETH/USD","gemini","3012.040000",".332212"
"2021-09-22","1632326419000000000","59114925513","ETH/USD","gemini","3012.590000","1.000000"
"2021-09-22","1632326419000000000","59114925515","ETH/USD","gemini","3012.600000",".090201"
"2021-09-22","1632326419742000000","1064350262","BTC/USD","binance","43224.950000",".000010"
"2021-09-22","1632326419742000000","1064350263","BTC/USD","binance","43224.950000",".006930"
"2021-09-22","1632326419793000000","158876621","ETH/USD","coinbase-pro","3010.470000",".162846"
"2021-09-22","1632326419743000000","609511915","ETH/USD","binance","3008.650000",".866100"
"2021-09-22","1632326419748000000","1064350264","BTC/USD","binance","43224.950000",".053410"
"2021-09-22","1632326419759000000","1064350265","BTC/USD","binance","43224.960000",".000250"
"2021-09-22","1632326419761000000","609511916","ETH/USD","binance","3008.920000",".009500"
"2021-09-22","1632326419761000000","609511917","ETH/USD","binance","3008.920000",".012200"
"2021-09-22","1632326419813000000","1064350266","BTC/USD","binance","43224.950000",".055290"
"2021-09-22","1632326419893000000","1064350267","BTC/USD","binance","43224.960000",".050000"
"2021-09-22","1632326419894000000","1064350268","BTC/USD","binance","43224.960000",".150000"
"2021-09-22","1632326419895000000","1064350269","BTC/USD","binance","43224.960000",".050000"
"2021-09-22","1632326419896000000","1064350270","BTC/USD","binance","43224.960000",".050000"
"2021-09-22","1632326419896000000","1064350271","BTC/USD","binance","43224.960000",".180610"
"2021-09-22","1632326419908000000","609511918","ETH/USD","binance","3009.680000",".042800"
"2021-09-22","1632326419936000000","297608854","ETH/BTC","binance",".069613",".493500"
"2021-09-22","1632326419946000000","1064350272","BTC/USD","binance","43224.950000",".000010"
"2021-09-22","1632326419946000000","1064350273","BTC/USD","binance","43224.950000",".054450"
"2021-09-22","1632326419946000000","1064350274","BTC/USD","binance","43224.960000",".034350"
"2021-09-22","1632326419949000000","609511919","ETH/USD","binance","3009.030000",".006600"
"2021-09-22","1632326419949000000","609511920","ETH/USD","binance","3009.020000",".278000"
"2021-09-22","1632326419949000000","609511921","ETH/USD","binance","3008.970000",".208900"
"2021-09-22","1632326420052000000","158876622","ETH/USD","coinbase-pro","3010.460000",".005249"
"2021-09-22","1632326420011000000","1064350275","BTC/USD","binance","43224.950000",".057880"
"2021-09-22","1632326420022000000","297608855","ETH/BTC","binance",".069607",".976100"
"2021-09-22","1632326420022000000","297608856","ETH/BTC","binance",".069606",".750400"
"2021-09-22","1632326420081000000","1064350276","BTC/USD","binance","43224.950000",".062810"
"2021-09-22","1632326420085000000","1064350277","BTC/USD","binance","43224.960000",".022600"
"2021-09-22","1632326420105000000","609511922","ETH/USD","binance","3008.990000","1.000000"
"2021-09-22","1632326420165000000","13128772","DOGE/USD","coinbase-pro",".215400","174.500000"
"2021-09-22","1632326420139000000","1064350278","BTC/USD","binance","43224.950000",".000250"
"2021-09-22","1632326420148000000","1064350279","BTC/USD","binance","43224.950000",".060770"
"2021-09-22","1632326420265000000","158876623","ETH/USD","coinbase-pro","3010.470000",".010000"
"2021-09-22","1632326420265000000","158876624","ETH/USD","coinbase-pro","3010.460000",".020644"
"2021-09-22","1632326420240000000","1064350280","BTC/USD","binance","43224.950000",".013840"
"2021-09-22","1632326420240000000","1064350281","BTC/USD","binance","43224.950000",".250000"
"2021-09-22","1632326420240000000","1064350282","BTC/USD","binance","43224.950000",".115640"
"2021-09-22","1632326420240000000","1064350283","BTC/USD","binance","43224.940000",".015280"
"2021-09-22","1632326420267000000","1064350284","BTC/USD","binance","43224.940000",".100350"
"2021-09-22","1632326420267000000","1064350285","BTC/USD","binance","43221.380000",".072110"
"2021-09-22","1632326420267000000","1064350286","BTC/USD","binance","43221.370000",".027730"
"2021-09-22","1632326420359000000","214133184","BTC/USD","coinbase-pro","43246.530000",".001000"
"2021-09-22","1632326420359000000","214133185","BTC/USD","coinbase-pro","43246.520000",".035021"
"2021-09-22","1632326420320000000","1064350287","BTC/USD","binance","43224.940000",".000350"
"2021-09-22","1632326420384000000","158876625","ETH/USD","coinbase-pro","3011.090000",".162846"
"2021-09-22","1632326420427000000","158876626","ETH/USD","coinbase-pro","3011.090000",".006867"
"2021-09-22","1632326420446000000","609511923","ETH/USD","binance","3008.980000",".006600"
"2021-09-22","1632326420446000000","609511924","ETH/USD","binance","3008.970000",".043400"
"2021-09-22","1632326420517000000","1064350288","BTC/USD","binance","43224.950000",".000380"
"2021-09-22","1632326420541000000","1064350289","BTC/USD","binance","43224.950000",".000320"
"2021-09-22","1632326420589000000","1064350290","BTC/USD","binance","43224.950000",".017880"
"2021-09-22","1632326420664000000","158876627","ETH/USD","coinbase-pro","3010.480000",".032081"
"2021-09-22","1632326420693000000","609511925","ETH/USD","binance","3008.840000",".005400"
"2021-09-22","1632326420693000000","609511926","ETH/USD","binance","3008.980000",".045700"
"2021-09-22","1632326420715000000","609511927","ETH/USD","binance","3008.840000",".349900"
"2021-09-22","1632326420901000000","609511928","ETH/USD","binance","3009.150000",".004500"
"2021-09-22","1632326420946000000","609511929","ETH/USD","binance","3009.160000",".476500"
"2021-09-22","1632326420952000000","1064350291","BTC/USD","binance","43224.950000",".006930"
"2021-09-22","1632326420994000000","1064350292","BTC/USD","binance","43224.950000",".039990"
"2021-09-22","1632326421021000000","609511930","ETH/USD","binance","3009.160000",".033200"
"2021-09-22","1632326421171000000","158876628","ETH/USD","coinbase-pro","3010.880000",".106016"
"2021-09-22","1632326421149000000","609511931","ETH/USD","binance","3009.260000",".184500"
"2021-09-22","1632326421212000000","158876629","ETH/USD","coinbase-pro","3010.490000",".413471"
"2021-09-22","1632326421212000000","158876630","ETH/USD","coinbase-pro","3010.480000","1.286529"
"2021-09-22","1632326421197000000","609511932","ETH/USD","binance","3009.160000",".009500"
"2021-09-22","1632326421220000000","609511933","ETH/USD","binance","3009.160000","1.331600"
"2021-09-22","1632326421236000000","609511934","ETH/USD","binance","3009.160000",".004000"
"2021-09-22","1632326421357000000","158876631","ETH/USD","coinbase-pro","3010.470000",".006700"
"2021-09-22","1632326421385000000","199242486","BTC/USD","bitstamp","43254.260000",".011060"
"2021-09-22","1632326421440000000","609511935","ETH/USD","binance","3009.160000",".003300"
"2021-09-22","1632326421495000000","609511936","ETH/USD","binance","3009.150000",".063400"
"2021-09-22","1632326421519000000","1064350293","BTC/USD","binance","43224.950000",".000300"
"2021-09-22","1632326421522000000","1064350294","BTC/USD","binance","43224.950000",".249700"
"2021-09-22","1632326421522000000","1064350295","BTC/USD","binance","43224.950000",".250000"
"2021-09-22","1632326421522000000","1064350296","BTC/USD","binance","43224.950000",".060560"
"2021-09-22","1632326421522000000","1064350297","BTC/USD","binance","43224.950000",".179740"
"2021-09-22","1632326421546000000","1064350298","BTC/USD","binance","43224.940000",".001860"
"2021-09-22","1632326421638000000","609511937","ETH/USD","binance","3009.150000",".067300"
"2021-09-22","1632326421679000000","609511938","ETH/USD","binance","3009.160000",".325500"
"2021-09-22","1632326421679000000","609511939","ETH/USD","binance","3009.160000",".024400"
"2021-09-22","1632326421000000000","837175016","ETH/USD","bitfinex","3009.900000",".000863"
"2021-09-22","1632326421000000000","837175017","ETH/USD","bitfinex","3011.000000",".006000"
"2021-09-22","1632326421000000000","837175018","ETH/USD","bitfinex","3011.400000",".043137"
"2021-09-22","1632326421760000000","1064350299","BTC/USD","binance","43224.950000",".000460"
"2021-09-22","1632326421816000000","609511940","ETH/USD","binance","3009.160000",".027600"
"2021-09-22","1632326421843000000","297608857","ETH/BTC","binance",".069614",".091800"
"2021-09-22","1632326421843000000","297608858","ETH/BTC","binance",".069614",".449000"
"2021-09-22","1632326421843000000","297608859","ETH/BTC","binance",".069625",".228600"
"2021-09-22","1632326421843000000","297608860","ETH/BTC","binance",".069626",".138800"
"2021-09-22","1632326421843000000","297608861","ETH/BTC","binance",".069627",".394200"
"2021-09-22","1632326421843000000","297608862","ETH/BTC","binance",".069631",".338900"
"2021-09-22","1632326421843000000","297608863","ETH/BTC","binance",".069631","1.129900"
"2021-09-22","1632326421887000000","609511941","ETH/USD","binance","3009.160000",".016600"
"2021-09-22","1632326421940000000","158876632","ETH/USD","coinbase-pro","3010.850000",".199419"
"2021-09-22","1632326421940000000","158876633","ETH/USD","coinbase-pro","3010.860000",".152167"
"2021-09-22","1632326421940000000","158876634","ETH/USD","coinbase-pro","3010.870000",".152167"
"2021-09-22","1632326421940000000","158876635","ETH/USD","coinbase-pro","3011.110000",".843435"
"2021-09-22","1632326421920000000","1064350300","BTC/USD","binance","43224.940000",".008860"
"2021-09-22","1632326421972000000","214133186","BTC/USD","coinbase-pro","43246.530000",".000345"
"2021-09-22","1632326421960000000","1064350301","BTC/USD","binance","43224.950000",".013880"
"2021-09-22","1632326422071000000","214133187","BTC/USD","coinbase-pro","43246.530000",".000451"
"2021-09-22","1632326422056000000","609511942","ETH/USD","binance","3009.200000",".009600"
"2021-09-22","1632326422056000000","609511943","ETH/USD","binance","3009.200000",".355900"
"2021-09-22","1632326422110000000","214133188","BTC/USD","coinbase-pro","43246.530000",".055307"
"2021-09-22","1632326422062000000","609511944","ETH/USD","binance","3009.200000",".134900"
"2021-09-22","1632326422086000000","609511945","ETH/USD","binance","3009.200000",".036600"
"2021-09-22","1632326422093000000","297608864","ETH/BTC","binance",".069618",".139800"
"2021-09-22","1632326422126000000","158876636","ETH/USD","coinbase-pro","3011.100000",".032056"
"2021-09-22","1632326422134000000","1064350302","BTC/USD","binance","43224.940000",".000930"
"2021-09-22","1632326422134000000","1064350303","BTC/USD","binance","43224.940000",".007710"
"2021-09-22","1632326422134000000","1064350304","BTC/USD","binance","43224.920000",".007710"
"2021-09-22","1632326422134000000","1064350305","BTC/USD","binance","43224.900000",".000580"
"2021-09-22","1632326422134000000","1064350306","BTC/USD","binance","43224.900000",".007120"
"2021-09-22","1632326422137000000","609511946","ETH/USD","binance","3009.190000",".200000"
"2021-09-22","1632326422144000000","609511947","ETH/USD","binance","3009.160000","1.679900"
"2021-09-22","1632326422144000000","609511948","ETH/USD","binance","3009.150000",".015600"
"2021-09-22","1632326422171000000","1064350307","BTC/USD","binance","43221.080000",".082100"
"2021-09-22","1632326422224000000","214133189","BTC/USD","coinbase-pro","43246.520000",".064900"
"2021-09-22","1632326422213000000","609511949","ETH/USD","binance","3009.160000",".003300"
"2021-09-22","1632326422269000000","158876637","ETH/USD","coinbase-pro","3011.100000",".793983"
"2021-09-22","1632326422269000000","158876638","ETH/USD","coinbase-pro","3011.120000",".149498"
"2021-09-22","1632326422269000000","158876639","ETH/USD","coinbase-pro","3011.130000",".033287"
"2021-09-22","1632326422307000000","158876640","ETH/USD","coinbase-pro","3011.100000","5.000000"
"2021-09-22","1632326422256000000","1064350308","BTC/USD","binance","43221.070000",".013690"
"2021-09-22","1632326422000000000","837177445","BTC/USD","bitfinex","43236.000000",".088329"
"2021-09-22","1632326422000000000","837177446","BTC/USD","bitfinex","43236.000000",".000060"
"2021-09-22","1632326422283000000","1064350309","BTC/USD","binance","43221.080000",".024800"
"2021-09-22","1632326422296000000","609511950","ETH/USD","binance","3009.160000",".025800"
"2021-09-22","1632326422347000000","609511951","ETH/USD","binance","3009.160000",".670500"
"2021-09-22","1632326422348000000","297608865","ETH/BTC","binance",".069617",".463800"
"2021-09-22","1632326422380000000","609511952","ETH/USD","binance","3009.160000",".003700"
"2021-09-22","1632326422406000000","297608866","ETH/BTC","binance",".069620",".008400"
"2021-09-22","1632326422408000000","1064350310","BTC/USD","binance","43221.080000",".257820"
"2021-09-22","1632326422408000000","1064350311","BTC/USD","binance","43221.080000",".242180"
"2021-09-22","1632326422413000000","1064350312","BTC/USD","binance","43221.080000",".001040"
"2021-09-22","1632326422446000000","1064350313","BTC/USD","binance","43221.080000",".028890"
"2021-09-22","1632326422447000000","609511953","ETH/USD","binance","3009.160000",".233900"
"2021-09-22","1632326422459000000","609511954","ETH/USD","binance","3009.160000",".017000"
"2021-09-22","1632326422478000000","297608867","ETH/BTC","binance",".069622",".022100"
"2021-09-22","1632326422562000000","214133190","BTC/USD","coinbase-pro","43246.520000",".000079"
"2021-09-22","1632326422562000000","214133191","BTC/USD","coinbase-pro","43244.320000",".001083"
"2021-09-22","1632326422526000000","1064350314","BTC/USD","binance","43221.070000",".007280"
"2021-09-22","1632326422593000000","214133192","BTC/USD","coinbase-pro","43244.330000",".001427"
"2021-09-22","1632326422601000000","609511955","ETH/USD","binance","3009.160000",".201300"
"2021-09-22","1632326422652000000","1064350315","BTC/USD","binance","43221.070000",".094680"
"2021-09-22","1632326422652000000","1064350316","BTC/USD","binance","43221.070000",".016820"
"2021-09-22","1632326422683000000","609511956","ETH/USD","binance","3009.160000",".349900"
"2021-09-22","1632326422699000000","1064350317","BTC/USD","binance","43221.080000",".024670"
"2021-09-22","1632326422718000000","297608868","ETH/BTC","binance",".069622",".118100"
"2021-09-22","1632326422000000000","837177447","BTC/USD","bitfinex","43233.695377",".001264"
"2021-09-22","1632326422000000000","837177449","BTC/USD","bitfinex","43234.000000",".055169"
"2021-09-22","1632326422000000000","837177450","BTC/USD","bitfinex","43234.000000",".001261"
"2021-09-22","1632326422000000000","837177451","BTC/USD","bitfinex","43235.000000",".000530"
"2021-09-22","1632326422000000000","837177452","BTC/USD","bitfinex","43235.000000",".141776"
"2021-09-22","1632326422789000000","214133193","BTC/USD","coinbase-pro","43244.330000",".001737"
"2021-09-22","1632326422762000000","609511957","ETH/USD","binance","3009.160000",".332400"
"2021-09-22","1632326422763000000","1064350318","BTC/USD","binance","43221.080000",".000380"
"2021-09-22","1632326422769000000","609511958","ETH/USD","binance","3009.160000",".113300"
"2021-09-22","1632326422769000000","609511959","ETH/USD","binance","3009.160000",".608400"
"2021-09-22","1632326422769000000","609511960","ETH/USD","binance","3009.160000",".152600"
"2021-09-22","1632326422772000000","609511961","ETH/USD","binance","3009.160000",".023900"
"2021-09-22","1632326422790000000","297608869","ETH/BTC","binance",".069621",".216400"
"2021-09-22","1632326422839000000","1064350319","BTC/USD","binance","43221.080000",".000440"
"2021-09-22","1632326422903000000","609511962","ETH/USD","binance","3009.150000",".679800"
"2021-09-22","1632326422903000000","609511963","ETH/USD","binance","3009.110000",".049800"
"2021-09-22","1632326422903000000","609511964","ETH/USD","binance","3008.740000",".335800"
"2021-09-22","1632326422950000000","1064350320","BTC/USD","binance","43221.080000",".004080"
"2021-09-22","1632326422955000000","609511965","ETH/USD","binance","3008.750000",".463800"
"2021-09-22","1632326422961000000","609511966","ETH/USD","binance","3008.750000",".020000"
"2021-09-22","1632326422961000000","297608870","ETH/BTC","binance",".069614",".045900"
"2021-09-22","1632326422961000000","297608871","ETH/BTC","binance",".069608",".055800"
"2021-09-22","1632326422961000000","297608872","ETH/BTC","binance",".069597",".362100"
"2021-09-22","1632326422964000000","1064350321","BTC/USD","binance","43221.070000",".032280"
"2021-09-22","1632326423026000000","1064350322","BTC/USD","binance","43221.070000",".000900"
"2021-09-22","1632326423026000000","1064350323","BTC/USD","binance","43221.070000",".054090"
"2021-09-22","1632326423082000000","13128773","DOGE/USD","coinbase-pro",".215400","141.400000"
"2021-09-22","1632326423082000000","13128774","DOGE/USD","coinbase-pro",".215400","2134.400000"
"2021-09-22","1632326423000000000","59114931748","ETH/USD","gemini","3011.700000",".016544"
"2021-09-22","1632326423043000000","609511967","ETH/USD","binance","3008.750000",".003400"
"2021-09-22","1632326423154000000","214133194","BTC/USD","coinbase-pro","43244.330000",".022670"
"2021-09-22","1632326423160000000","609511968","ETH/USD","binance","3008.750000",".022900"
"2021-09-22","1632326423211000000","214133195","BTC/USD","coinbase-pro","43244.330000",".001496"
"2021-09-22","1632326423204000000","297608873","ETH/BTC","binance",".069614",".117000"
"2021-09-22","1632326423319000000","609511969","ETH/USD","binance","3008.940000",".999900"
"2021-09-22","1632326423393000000","609511970","ETH/USD","binance","3008.940000",".069700"
"2021-09-22","1632326423444000000","158876641","ETH/USD","coinbase-pro","3010.590000",".140816"
"2021-09-22","1632326423459000000","214133196","BTC/USD","coinbase-pro","43244.330000",".002212"
"2021-09-22","1632326423500000000","1064350324","BTC/USD","binance","43221.070000",".017680"
"2021-09-22","1632326423555000000","158876642","ETH/USD","coinbase-pro","3010.470000",".003300"
"2021-09-22","1632326423555000000","158876643","ETH/USD","coinbase-pro","3010.260000",".063476"
"2021-09-22","1632326423546000000","609511971","ETH/USD","binance","3008.940000",".108700"
"2021-09-22","1632326423561000000","609511972","ETH/USD","binance","3008.940000",".030600"
"2021-09-22","1632326423563000000","1064350325","BTC/USD","binance","43221.080000",".046710"
"2021-09-22","1632326423567000000","1064350326","BTC/USD","binance","43221.080000",".138480"
"2021-09-22","1632326423569000000","1064350327","BTC/USD","binance","43221.070000",".097970"
"2021-09-22","1632326423569000000","1064350328","BTC/USD","binance","43221.070000",".050000"
"2021-09-22","1632326423569000000","1064350329","BTC/USD","binance","43221.070000",".000300"
"2021-09-22","1632326423569000000","1064350330","BTC/USD","binance","43220.620000",".000240"
"2021-09-22","1632326423569000000","1064350331","BTC/USD","binance","43220.390000",".004620"
"2021-09-22","1632326423569000000","1064350332","BTC/USD","binance","43220.080000",".047060"
"2021-09-22","1632326423635000000","214133197","BTC/USD","coinbase-pro","43244.330000",".014258"
"2021-09-22","1632326423662000000","214133198","BTC/USD","coinbase-pro","43244.320000",".001400"
"2021-09-22","1632326423631000000","1064350333","BTC/USD","binance","43220.080000",".074040"
"2021-09-22","1632326423639000000","1064350334","BTC/USD","binance","43220.090000",".002390"
"2021-09-22","1632326423653000000","1064350335","BTC/USD","binance","43220.090000",".023130"
"2021-09-22","1632326423733000000","158876644","ETH/USD","coinbase-pro","3010.580000",".015869"
"2021-09-22","1632326423692000000","1064350336","BTC/USD","binance","43220.090000",".163450"
"2021-09-22","1632326423692000000","1064350337","BTC/USD","binance","43220.090000",".067930"
"2021-09-22","1632326423694000000","609511973","ETH/USD","binance","3008.940000",".349900"
"2021-09-22","1632326423764000000","1064350338","BTC/USD","binance","43220.090000",".001360"
"2021-09-22","1632326423766000000","1064350339","BTC/USD","binance","43220.080000",".005570"
"2021-09-22","1632326423766000000","1064350340","BTC/USD","binance","43220.080000",".021950"
"2021-09-22","1632326423000000000","837177453","BTC/USD","bitfinex","43233.058433",".000500"
"2021-09-22","1632326423866000000","158876645","ETH/USD","coinbase-pro","3010.270000",".010000"
"2021-09-22","1632326423866000000","158876646","ETH/USD","coinbase-pro","3010.270000",".126964"
"2021-09-22","1632326423866000000","158876647","ETH/USD","coinbase-pro","3010.260000",".581972"
"2021-09-22","1632326423869000000","158876648","ETH/USD","coinbase-pro","3010.260000","2.176492"
"2021-09-22","1632326423833000000","1064350341","BTC/USD","binance","43220.090000",".001150"
"2021-09-22","1632326423885000000","158876649","ETH/USD","coinbase-pro","3010.270000",".010000"
"2021-09-22","1632326423886000000","609511974","ETH/USD","binance","3008.750000",".015200"
"2021-09-22","1632326423920000000","1064350342","BTC/USD","binance","43220.090000",".118450"
"2021-09-22","1632326423920000000","1064350343","BTC/USD","binance","43220.090000",".344290"
"2021-09-22","1632326423980000000","1064350344","BTC/USD","binance","43220.080000",".004430"
"2021-09-22","1632326424061000000","158876650","ETH/USD","coinbase-pro","3010.070000",".013256"
"2021-09-22","1632326424016000000","609511975","ETH/USD","binance","3008.530000",".009500"
"2021-09-22","1632326424016000000","609511976","ETH/USD","binance","3008.490000",".037100"
"2021-09-22","1632326424089000000","158876651","ETH/USD","coinbase-pro","3010.570000",".003305"
"2021-09-22","1632326424112000000","214133199","BTC/USD","coinbase-pro","43244.320000",".000017"
"2021-09-22","1632326424112000000","214133200","BTC/USD","coinbase-pro","43241.800000",".000181"
"2021-09-22","1632326424119000000","158876652","ETH/USD","coinbase-pro","3009.880000",".005923"
"2021-09-22","1632326424165000000","158876653","ETH/USD","coinbase-pro","3009.890000",".010000"
"2021-09-22","1632326424151000000","1064350345","BTC/USD","binance","43220.080000",".004070"
"2021-09-22","1632326424151000000","1064350346","BTC/USD","binance","43220.090000",".005640"
"2021-09-22","1632326424200000000","158876654","ETH/USD","coinbase-pro","3009.890000",".066312"
"2021-09-22","1632326424211000000","1064350347","BTC/USD","binance","43220.090000",".007680"
"2021-09-22","1632326424279000000","1064350348","BTC/USD","binance","43220.090000",".001030"
"2021-09-22","1632326424280000000","1064350349","BTC/USD","binance","43220.090000",".014890"
"2021-09-22","1632326424351000000","1064350350","BTC/USD","binance","43220.090000",".006010"
"2021-09-22","1632326424394000000","609511977","ETH/USD","binance","3008.500000",".006700"
"2021-09-22","1632326424417000000","158876655","ETH/USD","coinbase-pro","3009.890000",".010000"
"2021-09-22","1632326424421000000","158876656","ETH/USD","coinbase-pro","3009.890000",".008277"
"2021-09-22","1632326424450000000","158876657","ETH/USD","coinbase-pro","3009.890000",".128551"
"2021-09-22","1632326424450000000","158876658","ETH/USD","coinbase-pro","3009.900000",".146828"
"2021-09-22","1632326424450000000","158876659","ETH/USD","coinbase-pro","3010.480000",".025196"
"2021-09-22","1632326424441000000","1064350351","BTC/USD","binance","43220.080000",".006930"
"2021-09-22","1632326424441000000","1064350352","BTC/USD","binance","43220.080000",".029200"
"2021-09-22","1632326424448000000","1064350353","BTC/USD","binance","43220.080000",".018180"
"2021-09-22","1632326424457000000","1064350354","BTC/USD","binance","43220.080000",".023240"
"2021-09-22","1632326424481000000","609511978","ETH/USD","binance","3008.490000",".120100"
"2021-09-22","1632326424496000000","609511979","ETH/USD","binance","3008.490000",".042800"
"2021-09-22","1632326424505000000","609511980","ETH/USD","binance","3008.430000",".036500"
"2021-09-22","1632326424505000000","609511981","ETH/USD","binance","3008.430000",".238800"
"2021-09-22","1632326424515000000","1064350355","BTC/USD","binance","43220.080000",".033520"
"2021-09-22","1632326424523000000","1064350356","BTC/USD","binance","43220.090000",".000480"
"2021-09-22","1632326424524000000","609511982","ETH/USD","binance","3008.200000",".365500"
"2021-09-22","1632326424563000000","1064350357","BTC/USD","binance","43220.090000",".000250"
"2021-09-22","1632326424571000000","1064350358","BTC/USD","binance","43220.080000",".011500"
"2021-09-22","1632326424667000000","158876660","ETH/USD","coinbase-pro","3009.890000",".010000"
"2021-09-22","1632326424667000000","158876661","ETH/USD","coinbase-pro","3009.890000",".165953"
"2021-09-22","1632326424637000000","1064350359","BTC/USD","binance","43220.080000",".000010"
"2021-09-22","1632326424637000000","1064350360","BTC/USD","binance","43220.080000",".021990"
"2021-09-22","1632326424639000000","1064350361","BTC/USD","binance","43220.090000",".162020"
"2021-09-22","1632326424642000000","1064350362","BTC/USD","binance","43220.090000",".000460"
"2021-09-22","1632326424705000000","158876662","ETH/USD","coinbase-pro","3010.130000",".033056"
"2021-09-22","1632326424675000000","1064350363","BTC/USD","binance","43220.090000",".000380"
"2021-09-22","1632326424702000000","1064350364","BTC/USD","binance","43220.080000",".001730"
"2021-09-22","1632326424710000000","609511983","ETH/USD","binance","3008.200000",".349900"
"2021-09-22","1632326424732000000","609511984","ETH/USD","binance","3008.200000",".099700"
"2021-09-22","1632326424780000000","609511985","ETH/USD","binance","3008.200000",".133200"
"2021-09-22","1632326424786000000","609511986","ETH/USD","binance","3008.200000",".007500"
"2021-09-22","1632326424841000000","609511987","ETH/USD","binance","3008.200000",".005400"
"2021-09-22","1632326424848000000","1064350365","BTC/USD","binance","43220.090000",".029850"
"2021-09-22","1632326424884000000","297608874","ETH/BTC","binance",".069606",".398800"
"2021-09-22","1632326424884000000","297608875","ETH/BTC","binance",".069606",".030600"
"2021-09-22","1632326424928000000","1064350366","BTC/USD","binance","43220.080000",".014390"
"2021-09-22","1632326424939000000","1064350367","BTC/USD","binance","43220.080000",".056410"
"2021-09-22","1632326425004000000","609511988","ETH/USD","binance","3008.200000",".009900"
"2021-09-22","1632326425046000000","1064350368","BTC/USD","binance","43220.090000",".196080"
"2021-09-22","1632326425046000000","1064350369","BTC/USD","binance","43220.090000",".023240"
"2021-09-22","1632326425046000000","1064350370","BTC/USD","binance","43220.090000",".017320"
"2021-09-22","1632326425046000000","1064350371","BTC/USD","binance","43220.090000",".022720"
"2021-09-22","1632326425046000000","1064350372","BTC/USD","binance","43220.090000",".095370"
"2021-09-22","1632326425046000000","1064350373","BTC/USD","binance","43220.090000",".022720"
"2021-09-22","1632326425046000000","1064350374","BTC/USD","binance","43220.090000",".332590"
"2021-09-22","1632326425046000000","1064350375","BTC/USD","binance","43220.090000",".291800"
"2021-09-22","1632326425065000000","1064350376","BTC/USD","binance","43220.080000",".000250"
"2021-09-22","1632326425136000000","1064350377","BTC/USD","binance","43220.090000",".001550"
"2021-09-22","1632326425199000000","297608876","ETH/BTC","binance",".069603",".324700"
"2021-09-22","1632326425230000000","1064350378","BTC/USD","binance","43220.110000",".011220"
"2021-09-22","1632326425242000000","609511989","ETH/USD","binance","3008.200000",".014800"
"2021-09-22","1632326425260000000","1064350379","BTC/USD","binance","43220.110000",".012020"
"2021-09-22","1632326425260000000","1064350380","BTC/USD","binance","43221.070000",".011210"
"2021-09-22","1632326425351000000","158876663","ETH/USD","coinbase-pro","3010.260000",".066373"
"2021-09-22","1632326425327000000","297608877","ETH/BTC","binance",".069603",".111600"
"2021-09-22","1632326425403000000","609511990","ETH/USD","binance","3008.200000",".013700"
"2021-09-22","1632326425450000000","1064350381","BTC/USD","binance","43221.060000",".011810"
"2021-09-22","1632326425450000000","1064350382","BTC/USD","binance","43221.060000",".000560"
"2021-09-22","1632326425460000000","199242493","BTC/USD","bitstamp","43247.560000",".000880"
"2021-09-22","1632326425520000000","609511991","ETH/USD","binance","3008.200000",".016600"
"2021-09-22","1632326425583000000","158876664","ETH/USD","coinbase-pro","3010.260000",".080455"
"2021-09-22","1632326425583000000","158876665","ETH/USD","coinbase-pro","3010.260000",".014429"
"2021-09-22","1632326425583000000","158876666","ETH/USD","coinbase-pro","3010.270000",".478421"
"2021-09-22","1632326425583000000","158876667","ETH/USD","coinbase-pro","3010.270000",".146828"
"2021-09-22","1632326425583000000","158876668","ETH/USD","coinbase-pro","3010.460000",".195763"
"2021-09-22","1632326425583000000","158876669","ETH/USD","coinbase-pro","3010.470000",".369498"
"2021-09-22","1632326425604000000","214133201","BTC/USD","coinbase-pro","43240.010000",".004656"
"2021-09-22","1632326425604000000","214133202","BTC/USD","coinbase-pro","43240.010000",".000555"
"2021-09-22","1632326425644000000","1064350383","BTC/USD","binance","43221.070000",".003530"
"2021-09-22","1632326425670000000","1064350384","BTC/USD","binance","43221.070000",".004360"
"2021-09-22","1632326425680000000","1064350385","BTC/USD","binance","43221.060000",".000300"
"2021-09-22","1632326425697000000","1064350386","BTC/USD","binance","43221.060000",".004050"
"2021-09-22","1632326425703000000","609511992","ETH/USD","binance","3008.200000",".010200"
"2021-09-22","1632326425704000000","609511993","ETH/USD","binance","3008.200000",".299500"
"2021-09-22","1632326425704000000","609511994","ETH/USD","binance","3008.200000",".050400"
"2021-09-22","1632326425719000000","1064350387","BTC/USD","binance","43221.070000",".000600"
"2021-09-22","1632326425821000000","1064350388","BTC/USD","binance","43221.060000",".000490"
"2021-09-22","1632326425880000000","214133203","BTC/USD","coinbase-pro","43240.000000",".023012"
"2021-09-22","1632326425880000000","214133204","BTC/USD","coinbase-pro","43238.150000",".005982"
"2021-09-22","1632326425931000000","214133205","BTC/USD","coinbase-pro","43238.150000",".016537"
"2021-09-22","1632326425886000000","1064350389","BTC/USD","binance","43221.060000",".010560"
"2021-09-22","1632326425898000000","1064350390","BTC/USD","binance","43221.070000",".003030"
"2021-09-22","1632326425941000000","609511995","ETH/USD","binance","3008.200000",".009900"
"2021-09-22","1632326425942000000","1064350391","BTC/USD","binance","43221.060000",".000490"
"2021-09-22","1632326425958000000","609511996","ETH/USD","binance","3008.200000",".023900"
"2021-09-22","1632326426081000000","1064350392","BTC/USD","binance","43221.060000",".004640"
"2021-09-22","1632326426121000000","609511997","ETH/USD","binance","3008.200000",".236900"
"2021-09-22","1632326426121000000","609511998","ETH/USD","binance","3008.200000",".004000"
"2021-09-22","1632326426121000000","609511999","ETH/USD","binance","3008.200000",".010500"
"2021-09-22","1632326426121000000","609512000","ETH/USD","binance","3008.200000",".134800"
"2021-09-22","1632326426121000000","609512001","ETH/USD","binance","3008.200000",".827000"
"2021-09-22","1632326426147000000","297608878","ETH/BTC","binance",".069601",".131800"
"2021-09-22","1632326426294000000","214133206","BTC/USD","coinbase-pro","43240.010000",".001104"
"2021-09-22","1632326426284000000","1064350393","BTC/USD","binance","43221.060000",".006840"
"2021-09-22","1632326426367000000","609512002","ETH/USD","binance","3008.200000",".999900"
"2021-09-22","1632326426406000000","1064350394","BTC/USD","binance","43221.060000",".022320"
"2021-09-22","1632326426432000000","1064350395","BTC/USD","binance","43221.070000",".036740"
"2021-09-22","1632326426560000000","158876670","ETH/USD","coinbase-pro","3010.430000",".001189"
"2021-09-22","1632326426551000000","1064350396","BTC/USD","binance","43221.070000",".061820"
"2021-09-22","1632326426558000000","609512003","ETH/USD","binance","3008.200000",".033200"
"2021-09-22","1632326426574000000","609512004","ETH/USD","binance","3008.200000",".021400"
"2021-09-22","1632326426588000000","609512005","ETH/USD","binance","3008.200000",".518500"
"2021-09-22","1632326426588000000","609512006","ETH/USD","binance","3008.200000",".095600"
"2021-09-22","1632326426588000000","609512007","ETH/USD","binance","3008.200000",".027400"
"2021-09-22","1632326426588000000","609512008","ETH/USD","binance","3008.200000",".236900"
"2021-09-22","1632326426588000000","609512009","ETH/USD","binance","3008.450000",".251800"
"2021-09-22","1632326426609000000","1064350397","BTC/USD","binance","43221.070000",".007720"
"2021-09-22","1632326426645000000","1064350398","BTC/USD","binance","43221.070000",".003080"
"2021-09-22","1632326426681000000","609512010","ETH/USD","binance","3008.380000",".024200"
"2021-09-22","1632326426708000000","609512011","ETH/USD","binance","3008.240000",".016600"
"2021-09-22","1632326426708000000","609512012","ETH/USD","binance","3008.380000",".333300"
"2021-09-22","1632326426857000000","1064350399","BTC/USD","binance","43221.070000",".000380"
"2021-09-22","1632326426886000000","1064350400","BTC/USD","binance","43221.070000",".011870"
"2021-09-22","1632326426886000000","1064350401","BTC/USD","binance","43221.080000",".015710"
"2021-09-22","1632326426886000000","1064350402","BTC/USD","binance","43221.080000",".034750"
"2021-09-22","1632326426886000000","1064350403","BTC/USD","binance","43221.090000",".013330"
"2021-09-22","1632326426886000000","1064350404","BTC/USD","binance","43224.940000",".030120"
"2021-09-22","1632326426886000000","1064350405","BTC/USD","binance","43224.950000",".003150"
"2021-09-22","1632326426886000000","1064350406","BTC/USD","binance","43227.460000",".097550"
"2021-09-22","1632326426886000000","1064350407","BTC/USD","binance","43227.470000",".063500"
"2021-09-22","1632326426912000000","1064350408","BTC/USD","binance","43221.070000",".070150"
"2021-09-22","1632326426912000000","1064350409","BTC/USD","binance","43220.090000",".129950"
"2021-09-22","1632326426978000000","1064350410","BTC/USD","binance","43223.440000",".001310"
"2021-09-22","1632326427113000000","158876671","ETH/USD","coinbase-pro","3010.410000",".036449"
"2021-09-22","1632326427134000000","158876672","ETH/USD","coinbase-pro","3010.410000",".004958"
"2021-09-22","1632326427119000000","1064350411","BTC/USD","binance","43223.450000",".000270"
"2021-09-22","1632326427172000000","214133207","BTC/USD","coinbase-pro","43239.010000",".018000"
"2021-09-22","1632326427172000000","214133208","BTC/USD","coinbase-pro","43239.010000",".115600"
"2021-09-22","1632326427000000000","837177460","BTC/USD","bitfinex","43233.695377",".001279"
"2021-09-22","1632326427000000000","837177462","BTC/USD","bitfinex","43234.000000",".000120"
"2021-09-22","1632326427000000000","837177463","BTC/USD","bitfinex","43234.000000",".003601"
"2021-09-22","1632326427328000000","214133209","BTC/USD","coinbase-pro","43239.010000",".000047"
"2021-09-22","1632326427328000000","214133210","BTC/USD","coinbase-pro","43244.790000",".045289"
"2021-09-22","1632326427394000000","158876673","ETH/USD","coinbase-pro","3009.790000",".033402"
"2021-09-22","1632326427391000000","609512013","ETH/USD","binance","3008.700000",".999900"
"2021-09-22","1632326427429000000","609512014","ETH/USD","binance","3008.700000",".221500"
"2021-09-22","1632326427432000000","609512015","ETH/USD","binance","3008.700000",".378600"
"2021-09-22","1632326427432000000","609512016","ETH/USD","binance","3008.720000",".197300"
"2021-09-22","1632326427449000000","1064350412","BTC/USD","binance","43223.450000",".037420"
"2021-09-22","1632326427607000000","158876674","ETH/USD","coinbase-pro","3010.410000",".031785"
"2021-09-22","1632326427629000000","158876675","ETH/USD","coinbase-pro","3010.410000",".012978"
"2021-09-22","1632326427710000000","214133211","BTC/USD","coinbase-pro","43241.790000",".000541"
"2021-09-22","1632326427664000000","1064350413","BTC/USD","binance","43223.450000",".001480"
"2021-09-22","1632326427000000000","837177464","BTC/USD","bitfinex","43234.000000",".012399"
"2021-09-22","1632326427739000000","609512017","ETH/USD","binance","3008.430000","1.951100"
"2021-09-22","1632326427739000000","609512018","ETH/USD","binance","3008.430000","2.400000"
"2021-09-22","1632326427739000000","609512019","ETH/USD","binance","3008.700000","1.764300"
"2021-09-22","1632326427739000000","609512020","ETH/USD","binance","3008.710000","1.842500"
"2021-09-22","1632326427740000000","609512021","ETH/USD","binance","3008.710000",".349900"
"2021-09-22","1632326427852000000","1064350414","BTC/USD","binance","43223.450000",".008760"
"2021-09-22","1632326427914000000","158876676","ETH/USD","coinbase-pro","3010.000000",".010000"
"2021-09-22","1632326427914000000","158876677","ETH/USD","coinbase-pro","3009.890000",".117382"
"2021-09-22","1632326427918000000","158876678","ETH/USD","coinbase-pro","3010.410000",".008284"
"2021-09-22","1632326427880000000","1064350415","BTC/USD","binance","43223.450000",".004330"
"2021-09-22","1632326427913000000","1064350416","BTC/USD","binance","43223.450000",".001220"
"2021-09-22","1632326427976000000","214133212","BTC/USD","coinbase-pro","43242.280000",".003400"
"2021-09-22","1632326427966000000","609512022","ETH/USD","binance","3008.430000",".006400"
"2021-09-22","1632326428031000000","158876679","ETH/USD","coinbase-pro","3010.410000",".033725"
"2021-09-22","1632326428014000000","609512023","ETH/USD","binance","3008.440000",".006600"
"2021-09-22","1632326428057000000","609512024","ETH/USD","binance","3008.440000",".059800"
"2021-09-22","1632326428126000000","1064350417","BTC/USD","binance","43223.490000",".000400"
"2021-09-22","1632326428141000000","297608879","ETH/BTC","binance",".069602",".131700"
"2021-09-22","1632326428197000000","609512025","ETH/USD","binance","3008.440000",".117000"
"2021-09-22","1632326428199000000","609512026","ETH/USD","binance","3008.440000",".975400"
"2021-09-22","1632326428342000000","214133213","BTC/USD","coinbase-pro","43242.300000",".018000"
